@article{abram2017,
   author = {Abram, Paul K.  and Boivin, Guy and Moiroux, Joffrey and Brodeur, J.},
   title = {Behavioural effects of temperature on ectothermic animals: unifying thermal physiology and behavioural plasticity},
   journal = {Biological Reviews},
   volume = {92},
   number = {4},
   pages = {1859-1876},
   DOI = {doi:10.1111/brv.12312},
   url = {https://onlinelibrary.wiley.com/doi/abs/10.1111/brv.12312},
   year = {2017},
   type = {Journal Article}
}

@article{adcock1982,
   author = {Adcock, J.A.},
   title = {Energetics of a population of \emph{Asellus aquaticus} ({C}rustacea, {I}sopoda): respiration and energy budgets},
   journal = {Freshwater Biology},
   volume = {12},
   number = {3},
   pages = {257-269},
   ISSN = {1365-2427},
   DOI = {10.1111/j.1365-2427.1982.tb00620.x},
   year = {1982},
   type = {Journal Article}
}

@article{agatz2014,
   author = {Agatz, Annika and Brown, Colin D.},
   title = {Variability in feeding of \emph{Gammarus pulex}: moving towards a more standardised feeding assay},
   journal = {Environmental Sciences Europe},
   volume = {26},
   number = {1},
   pages = {15-23},
    ISSN = {2190-4715},
   DOI = {10.1186/s12302-014-0015-4},
   url = {http://dx.doi.org/10.1186/s12302-014-0015-4},
   year = {2014},
   type = {Journal Article}
}

@article{aho1982,
   author = {Aho, John M. and Camp, Joseph W. and Esch, Gerald W.},
   title = {Long-term studies on the population biology of \emph{Diplostomulum scheuringi} in a thermally altered reservoir},
   journal = {The Journal of Parasitology},
   volume = {68},
   number = {4},
   pages = {695-708},
   ISSN = {00223395, 19372345},
   DOI = {10.2307/3280931},
   url = {http://www.jstor.org/stable/3280931},
   year = {1982},
   type = {Journal Article}
}

@article{allesina2012,
   author = {Allesina, S. and Tang, S.},
   title = {Stability criteria for complex ecosystems},
   journal = {Nature},
   volume = {483},
   number = {7388},
   pages = {205-208},
   ISSN = {1476-4687 (Electronic)
0028-0836 (Linking)},
   DOI = {10.1038/nature10832},
   url = {http://www.ncbi.nlm.nih.gov/pubmed/22343894},
   year = {2012},
   type = {Journal Article}
}

@article{altizer2013,
   author = {Altizer, Sonia and Ostfeld, Richard S. and Johnson, Pieter T. J. and Kutz, Susan and Harvell, C. Drew},
   title = {Climate change and infectious diseases: from evidence to a predictive framework},
   journal = {Science},
   volume = {341},
   number = {6145},
   pages = {514-519},
   DOI = {10.1126/science.1239401},
   url = {http://science.sciencemag.org/content/sci/341/6145/514.full.pdf},
   year = {2013},
   type = {Journal Article}
}

@article{amarasekare2015,
   author = {Amarasekare, P. and Coutinho, R. M.},
   title = {Effects of temperature on intraspecific competition in ectotherms},
   journal = {The American Naturalist},
   volume = {184},
   number = {3},
   pages = {E50-65},
   DOI = {10.1086/677386},
   url = {https://www.ncbi.nlm.nih.gov/pubmed/25141149},
   year = {2014},
   type = {Journal Article}
}

@article{amundsen2009,
   author = {Amundsen, P. A. and Lafferty, K. D. and Knudsen, R. and Primicerio, R. and Klemetsen, A. and Kuris, A. M.},
   title = {Food web topology and parasites in the pelagic zone of a subarctic lake},
   journal = {Journal of Animal Ecology},
   volume = {78},
   number = {3},
   pages = {563-572},
   ISSN = {1365-2656 (Electronic)
0021-8790 (Linking)},
   DOI = {10.1111/j.1365-2656.2008.01518.x},
   url = {http://www.ncbi.nlm.nih.gov/pubmed/19175443},
   year = {2009},
   type = {Journal Article}
}

@article{anaya2016,
   author = {Anaya‐Rojas, J.M. and Brunner, Franziska S. and Sommer, Nina and Seehausen, Ole and Eizaguirre, Christophe and Matthews, Blake},
   title = {The association of feeding behaviour with the resistance and tolerance to parasites in recently diverged sticklebacks},
   journal = {Journal of Evolutionary Biology},
   volume = {29},
   number = {11},
   pages = {2157-2167},
   DOI = {doi:10.1111/jeb.12934},
   url = {https://onlinelibrary.wiley.com/doi/abs/10.1111/jeb.12934},
   year = {2016},
   type = {Journal Article}
}

@article{bailly2017,
   author = {Bailly, Y. and Cézilly, F. and Rigaud, T.},
   title = {Stage-dependent behavioural changes but early castration induced by the acanthocephalan parasite \emph{Polymorphus minutus} in its \emph{Gammarus pulex} intermediate host},
   journal = {Parasitology},
 volume = {145},
   number = {3},
   pages = {260-268},
   ISSN = {1469-8161 (Electronic)
0031-1820 (Linking)},
   DOI = {10.1017/S0031182017001457},
   url = {https://www.ncbi.nlm.nih.gov/pubmed/28831959},
   year = {2017},
   type = {Journal Article}
}

@article{barabas2016,
   author = {Barabas, G. and M, J. Michalska-Smith and Allesina, S.},
   title = {The effect of intra- and interspecific competition on coexistence in multispecies communities},
   journal = {The American Naturalist},
   volume = {188},
   number = {1},
   pages = {E1-E12},
  ISSN = {1537-5323 (Electronic)
0003-0147 (Linking)},
   DOI = {10.1086/686901},
   url = {https://www.ncbi.nlm.nih.gov/pubmed/27322128},
   year = {2016},
   type = {Journal Article}
}

@article{baranov2016,
   author = {Baranov, V. and Lewandowski, J. and Krause, S.},
   title = {Bioturbation enhances the aerobic respiration of lake sediments in warming lakes},
   journal = {Biology Letters},
   volume = {12},
   number = {8},
  pages = {20160448},
    ISSN = {1744-957X (Electronic)
1744-9561 (Linking)},
   DOI = {10.1098/rsbl.2016.0448},
   url = {https://www.ncbi.nlm.nih.gov/pubmed/27484649},
   year = {2016},
   type = {Journal Article}
}

@article{barber2016,
   author = {Barber, I. and Berkhout, B. W. and Ismail, Z.},
   title = {Thermal change and the dynamics of multi-host parasite life cycles in aquatic ecosystems},
   journal = {Integrative and Comparative Biology},
   volume = {56},
   number = {4},
   pages = {561-572},
   ISSN = {1557-7023 (Electronic)
1540-7063 (Linking)},
   DOI = {10.1093/icb/icw025},
   url = {https://www.ncbi.nlm.nih.gov/pubmed/27252219},
   year = {2016},
   type = {Journal Article}
}

@article{barnes2015,
   author = {Barnes, Andrew D. and Spey, Ina and Rohde, Lena and Brose, Ulrich and Dell, Anthony I. and Woods, Art},
   title = {Individual behaviour mediates effects of warming on movement across a fragmented landscape},
   journal = {Functional Ecology},
   volume = {29},
   number = {12},
   pages = {1543-1552},
   ISSN = {02698463},
   DOI = {10.1111/1365-2435.12474},
   year = {2015},
   type = {Journal Article}
}

@article{barton2018,
   author = {Barton, Kamil and Barton, Maintainer Kamil},
   title = {Package {‘MuMIn’}},
   year = {2018},
   type = {Journal Article}
}

@article{bates2015,
   author = {Bates, Douglas and Mächler, Martin and Bolker, Ben and Walker, Steve},
   title = {Fitting linear mixed-effects models using lme4},
   journal = {Journal of Statistical Software},
   volume = {67},
   number = {1},
   pages = {48},
    ISSN = {1548-7660},
   DOI = {10.18637/jss.v067.i01},
   url = {https://www.jstatsoft.org/index.php/jss/article/view/v067i01},
   year = {2015},
   type = {Journal Article}
}

@article{bauer2005,
   author = {Bauer, A. and Haine, E. R. and Perrot-Minnot, M. J. and Rigaud, T.},
   title = {The acanthocephalan parasite \emph{Polymorphus minutus} alters the geotactic and clinging behaviours of two sympatric amphipod hosts: the native \emph{Gammarus pulex} and the invasive \emph{Gammarus roeseli}},
   journal = {Journal of Zoology},
   volume = {267},
   number = {1},
   pages = {39-43},
      ISSN = {0952-8369},
   DOI = {10.1017/S0952836905007223},
   url = {<Go to ISI>://WOS:000232547600005},
   year = {2005},
   type = {Journal Article}
}

@article{benesh2014,
   author = {Benesh, D. P. and Chubb, J. C. and Parker, G. A.},
   title = {The trophic vacuum and the evolution of complex life cycles in trophically transmitted helminths},
   journal = {Proceedings of the Royal Society B: Biological Sciences},
   volume = {281},
   number = {1793},
   pages = {20141462},
    ISSN = {1471-2954 (Electronic)
0962-8452 (Linking)},
   DOI = {10.1098/rspb.2014.1462},
   url = {http://www.ncbi.nlm.nih.gov/pubmed/25209937},
   year = {2014},
   type = {Journal Article}
}

@article{benesh2005,
   author = {Benesh, D. P. and Duclos, L. M. and Nickol, B. B.},
   title = {The behavioral response of amphipods harboring \emph{Corynosoma constrictum} ({A}canthocephala) to various components of light},
   journal = {Journal of Parasitology},
   volume = {91},
   number = {4},
   pages = {731-736},
     ISSN = {0022-3395},
   DOI = {10.1645/Ge-440r.1},
   url = {<Go to ISI>://WOS:000231814200001},
   year = {2005},
   type = {Journal Article}
}

@article{benesh2008,
   author = {Benesh, D. P. and Valtonen, E. T. and Seppala, O.},
   title = {Multidimensionality and intra-individual variation in host manipulation by an acanthocephalan},
   journal = {Parasitology},
   volume = {135},
   number = {5},
   pages = {617-26},
      ISSN = {1469-8161 (Electronic)
0031-1820 (Linking)},
   DOI = {10.1017/S0031182008004216},
   url = {http://www.ncbi.nlm.nih.gov/pubmed/18294426},
   year = {2008},
   type = {Journal Article}
}

@inbook{benfield2006,
   author = {Benfield, E.},
   title = {Decomposition of leaf material},
   booktitle = {Methods in Stream Ecology},
   editor = {Hauer, F.R. and Lamberti, Gary A.},
   publisher = {Academic Press},
   address = {San Diego},
   chapter = {30},
   pages = {711-720},
   year = {2006},
   type = {Book Section}
}

@article{bernot2007,
   author = {Bernot, Randall J. and Lamberti, Gary A.},
   title = {Indirect effects of a parasite on a benthic community: an experiment with trematodes, snails and periphyton},
   journal = {Freshwater Biology},
   volume = {53},
   pages = {322-329},
   pages = {071116231725002-???},
   ISSN = {0046-5070
1365-2427},
   DOI = {10.1111/j.1365-2427.2007.01896.x},
   year = {2007},
   type = {Journal Article}
}

@article{bethel1973,
   author = {Bethel, William M. and Holmes, John C.},
   title = {Altered evasive behavior and responses to light in amphipods harboring acanthocephalan cystacanths},
   journal = {The Journal of Parasitology},
   volume = {59},
   number = {6},
   pages = {945-956},
     ISSN = {00223395, 19372345},
   DOI = {10.2307/3278623},
   url = {http://www.jstor.org/stable/3278623},
   year = {1973},
   type = {Journal Article}
}

@article{blasco2017,
   author = {Blasco-Costa, I. and Poulin, R.},
   title = {Parasite life-cycle studies: a plea to resurrect an old parasitological tradition},
   journal = {Journal of Helminthology},
   volume = {91},
   number = {6},
   pages = {647-656},
     ISSN = {1475-2697 (Electronic)
0022-149X (Linking)},
   DOI = {10.1017/S0022149X16000924},
   url = {https://www.ncbi.nlm.nih.gov/pubmed/28166844},
   year = {2017},
   type = {Journal Article}
}

@article{boersma2016,
   author = {Boersma, Maarten and Mathew, K. Avarachen and Niehoff, Barbara and Schoo, Katherina L. and Franco-Santos, Rita M. and Meunier, Cédric L.},
   title = {Temperature driven changes in the diet preference of omnivorous copepods: no more meat when it's hot?},
   journal = {Ecology Letters},
   volume = {19},
   number = {1},
   pages = {45-53},
      DOI = {doi:10.1111/ele.12541},
   url = {https://onlinelibrary.wiley.com/doi/abs/10.1111/ele.12541},
   year = {2016},
   type = {Journal Article}
}

@article{brooks2007,
   author = {Brooks, D. R. and Hoberg, E. P.},
   title = {How will global climate change affect parasite-host assemblages?},
   journal = {Trends in Parasitology},
   volume = {23},
   number = {12},
   pages = {571-574},
     ISSN = {1471-4922},
   DOI = {Doi 10.1016/J.Pt.2007.08.016},
   url = {<Go to ISI>://WOS:000251767900005},
   year = {2007},
   type = {Journal Article}
}

@article{brown1989,
   author = {Brown, A. F. and Pascoe, D.},
   title = {Parasitism and host sensitivity to cadmium: an acanthocephalan infection of the fresh-water amphipod \emph{Gammarus pulex}},
   journal = {Journal of Applied Ecology},
   volume = {26},
number = {2},
   pages = {473-487},
   DOI = {10.2307/2404075},
   url = {http://dx.doi.org/10.2307/2404075},
   year = {1989},
   type = {Journal Article}
}

@article{brown2004,
   author = {Brown, James H and Gillooly, James F and Allen, Andrew P and Savage, Van M and West, Geoffrey B},
   title = {Toward a metabolic theory of ecology},
   journal = {Ecology},
   volume = {85},
   number = {7},
   pages = {1771-1789},
   ISSN = {1939-9170},
   DOI = {10.1890/03-9000},
   year = {2004},
   type = {Journal Article}
}

@article{buck2017,
   author = {Buck, J. C. and Ripple, W. J.},
   title = {Infectious agents trigger trophic cascades},
   journal = {Trends in Ecology and Evolution},
   volume = {32},
   number = {9},
   pages = {681-694},
   ISSN = {1872-8383 (Electronic)
0169-5347 (Linking)},
   DOI = {10.1016/j.tree.2017.06.009},
   url = {https://www.ncbi.nlm.nih.gov/pubmed/28736043},
   year = {2017},
   type = {Journal Article}
}

@article{buck2018,
   author = {Buck, J. C. and Weinstein, S. B. and Young, H. S.},
   title = {Ecological and evolutionary consequences of parasite avoidance},
   journal = {Trends in Ecology and Evolution},
   volume = {33},
   number = {8},
   pages = {619-632},
     ISSN = {1872-8383 (Electronic)
0169-5347 (Linking)},
   DOI = {10.1016/j.tree.2018.05.001},
   url = {https://www.ncbi.nlm.nih.gov/pubmed/29807838},
   year = {2018},
   type = {Journal Article}
}

@article{bulnheim1979,
   author = {Bulnheim, H. P.},
   title = {Comparative studies on the physiological cology of five euryhaline \emph{Gammarus} species},
   journal = {Oecologia},
   volume = {44},
   number = {1},
   pages = {80-86},
   ISSN = {00298549, 14321939},
   url = {http://www.jstor.org/stable/4215988},
   year = {1979},
   type = {Journal Article}
}

@article{bunke2015,
   author = {Bunke, M. and Alexander, M. E. and Dick, J. T. and Hatcher, M. J. and Paterson, R. and Dunn, A. M.},
   title = {Eaten alive: cannibalism is enhanced by parasites},
   journal = {Royal Society Open Science},
   volume = {2},
   number = {3},
   pages = {140369},
     ISSN = {2054-5703 (Electronic)
2054-5703 (Linking)},
   DOI = {10.1098/rsos.140369},
   url = {http://www.ncbi.nlm.nih.gov/pubmed/26064614},
   year = {2015},
   type = {Journal Article}
}

@article{burnett1949,
   author = {Burnett, T.},
   title = {The effect of temperature on an insect host-parasite population},
   journal = {Ecology},
   volume = {30},
   number = {2},
   pages = {113-134},
   ISSN = {0012-9658},
   DOI = {10.2307/1931181},
   url = {<Go to ISI>://WOS:A1949XW59800001},
   year = {1949},
   type = {Journal Article}
}

@article{byers2010,
   author = {Byers, Tim and Smith, Alan and Mallory, Mark L.},
   title = {Diet of black guillemots and northern fulmars breeding beside a High Arctic polynya},
   journal = {Polar Biology},
   volume = {33},
   number = {4},
   pages = {457-467},
   ISSN = {0722-4060
1432-2056},
   DOI = {10.1007/s00300-009-0720-4},
   year = {2010},
   type = {Journal Article}
}

@article{cable2017,
   author = {Cable, J. and Barber, I. and Boag, B. and Ellison, A. R. and Morgan, E. R. and Murray, K. and Pascoe, E. L. and Sait, S. M. and Wilson, A. J. and Booth, M.},
   title = {Global change, parasite transmission and disease control: lessons from ecology},
   journal = {Philosophical Transactions of the Royal Society B},
   volume = {372},
   number = {1719},
  pages = {20160088},
   ISSN = {1471-2970 (Electronic)
0962-8436 (Linking)},
   DOI = {10.1098/rstb.2016.0088},
   url = {https://www.ncbi.nlm.nih.gov/pubmed/28289256},
   year = {2017},
   type = {Journal Article}
}

@article{carlson2017,
   author = {Carlson, Colin J. and Burgio, Kevin R. and Dougherty, Eric R. and Phillips, Anna J. and Bueno, Veronica M. and Clements, Christopher F. and Castaldo, Giovanni and Dallas, Tad A. and Cizauskas, Carrie A. and Cumming, Graeme S. and Doña, Jorge and Harris, Nyeema C. and Jovani, Roger and Mironov, Sergey and Muellerklein, Oliver C. and Proctor, Heather C. and Getz, Wayne M.},
   title = {Parasite biodiversity faces extinction and redistribution in a changing climate},
   journal = {Science Advances},
   volume = {3},
   number = {9},
   pages  = {e1602422},
   DOI = {10.1126/sciadv.1602422},
   url = {http://advances.sciencemag.org/content/advances/3/9/e1602422.full.pdf},
   year = {2017},
   type = {Journal Article}
}

@article{carpenter2011,
   author = {Carpenter, Stephen R. and Stanley, Emily H. and Vander Zanden, M. Jake},
   title = {State of the world's freshwater ecosystems: physical, chemical, and biological changes},
   journal = {Annual Review of Environment and Resources},
   volume = {36},
   number = {1},
   pages = {75-99},
   ISSN = {1543-5938
1545-2050},
   DOI = {10.1146/annurev-environ-021810-094524},
   year = {2011},
   type = {Journal Article}
}

@article{cezilly2013,
   author = {Cézilly, F. and Favrat, A. and Perrot-Minnot, M. J.},
   title = {Multidimensionality in parasite-induced phenotypic alterations: ultimate versus proximate aspects},
   journal = {Journal of Experimental Biology},
   volume = {216},
   number = {1},
   pages = {27-35},
    ISSN = {1477-9145 (Electronic)
0022-0949 (Linking)},
   DOI = {10.1242/jeb.074005},
   url = {http://www.ncbi.nlm.nih.gov/pubmed/23225864},
   year = {2013},
   type = {Journal Article}
}

@article{cezilly2000,
   author = {Cézilly, F. and Grégoire, A. and Bertin, A.},
   title = {Conflict between co-occuring manipulative parasites; an experimental study of the joint influence of two acanthocephalan parasites on the behaviour of \emph{Gammarus pulex}},
   journal = {Parasitology},
   volume = {120},
   number = {6},
   pages = {625-630},
   DOI = {10.1017/s0031182099005910},
   url = {http://dx.doi.org/10.1017/S0031182099005910},
   year = {2000},
   type = {Journal Article}
}

@article{chapin1983,
   author = {Chapin, F. S.},
   title = {Direct and indirect effects of temperature on Arctic plants},
   journal = {Polar Biology},
   volume = {2},
   number = {1},
   pages = {47-52},
   ISSN = {0722-4060},
   DOI = {10.1007/Bf00258285},
   url = {<Go to ISI>://WOS:A1983QX37800007},
   year = {1983},
   type = {Journal Article}
}

@article{chen2011,
   author = {Chen, H. W. and Shao, K. T. and Liu, C. W. and Lin, W. H. and Liu, W. C.},
   title = {The reduction of food web robustness by parasitism: fact and artefact},
   journal = {International Journal for Parasitology},
   volume = {41},
   number = {6},
   pages = {627-634},
     ISSN = {1879-0135 (Electronic)
0020-7519 (Linking)},
   DOI = {10.1016/j.ijpara.2010.12.013},
   url = {https://www.ncbi.nlm.nih.gov/pubmed/21296081},
   year = {2011},
   type = {Journal Article}
}

@article{chen2015,
   author = {Chen, H. Y. and Grabner, D. S. and Nachev, M. and Shih, H. H. and Sures, B.},
   title = {Effects of the acanthocephalan \emph{Polymorphus minutus} and the microsporidian \emph{Dictyocoela duebenum} on energy reserves and stress response of cadmium exposed \emph{Gammarus fossarum}},
   journal = {PeerJ},
   volume = {3},
   pages = {e1353},
    ISSN = {2167-8359 (Print)
2167-8359 (Linking)},
   DOI = {10.7717/peerj.1353},
   url = {https://www.ncbi.nlm.nih.gov/pubmed/26539331},
   year = {2015},
   type = {Journal Article}
}

@article{cohen2017,
   author = {Cohen, J. M. and Venesky, M. D. and Sauer, E. L. and Civitello, D. J. and McMahon, T. A. and Roznik, E. A. and Rohr, J. R.},
   title = {The thermal mismatch hypothesis explains host susceptibility to an emerging infectious disease},
   journal = {Ecology Letters},
   volume = {20},
   number = {2},
   pages = {184-193},
      ISSN = {1461-0248 (Electronic)
1461-023X (Linking)},
   DOI = {10.1111/ele.12720},
   url = {https://www.ncbi.nlm.nih.gov/pubmed/28111904},
   year = {2017},
   type = {Journal Article}
}

@book{crawley2012,
   author = {Crawley, Michael J},
   title = {The R book},
   publisher = {John Wiley & Sons},
   ISBN = {1118448960},
   year = {2012},
   type = {Book}
}

@article{croel2011,
   author = {Croel, Russell C. and Kneitel, Jamie M.},
   title = {Ecosystem-level effects of bioturbation by the tadpole shrimp \emph{Lepidurus packardi} in temporary pond mesocosms},
   journal = {Hydrobiologia},
   volume = {665},
   number = {1},
   pages = {169-181},
   ISSN = {0018-8158
1573-5117},
   DOI = {10.1007/s10750-011-0620-9},
   year = {2011},
   type = {Journal Article}
}

@article{cummins1979,
   author = {Cummins, K. W. and Klug, M. J.},
   title = {Feeding ecology of stream invertebrates},
   journal = {Annual Review of Ecology and Systematics},
   volume = {10},
   pages = {147-172},
   ISSN = {0066-4162},
   DOI = {DOI 10.1146/annurev.es.10.110179.001051},
   url = {<Go to ISI>://WOS:A1979HU59600006},
   year = {1979},
   type = {Journal Article}
}

@article{dallas2017,
   author = {Dallas, T. and Park, A. W. and Drake, J. M.},
   title = {Predicting cryptic links in host-parasite networks},
   journal = {PLoS Computional Biology},
   volume = {13},
   number = {5},
   pages = {e1005557},
     ISSN = {1553-7358 (Electronic)
1553-734X (Linking)},
   DOI = {10.1371/journal.pcbi.1005557},
   url = {https://www.ncbi.nlm.nih.gov/pubmed/28542200},
   year = {2017},
   type = {Journal Article}
}

@article{delong2018,
   author = {DeLong, John P. and Hanley, Torrance C. and Gibert, Jean P. and Puth, Linda M. and Post, David M.},
   title = {Life history traits and functional processes generate multiple pathways to ecological stability},
   journal = {Ecology},
   volume = {99},
   number = {1},
   pages = {5-12},
   DOI = {doi:10.1002/ecy.2070},
   url = {https://esajournals.onlinelibrary.wiley.com/doi/abs/10.1002/ecy.2070},
   year = {2018},
   type = {Journal Article}
}

@article{denadai2013,
   author = {De Nadaï-Monoury, Eve and Lecerf, Antoine and Canal, Julie and Buisson, Laëtitia and Laffaille, Pascal and Gilbert, Franck},
   title = {A cost-effective method to quantify biological surface sediment reworking},
   journal = {Hydrobiologia},
   volume = {713},
   number = {1},
   pages = {115-125},
   ISSN = {0018-8158
1573-5117},
   DOI = {10.1007/s10750-013-1497-6},
   year = {2013},
   type = {Journal Article}
}

@article{dell2011,
   author = {Dell, A. I. and Pawar, S. and Savage, V. M.},
   title = {Systematic variation in the temperature dependence of physiological and ecological traits},
   journal = {Proceedings of the National Academy of Sciences of the United States of America},
   volume = {108},
   number = {26},
   pages = {10591-10596},
    ISSN = {1091-6490 (Electronic)
0027-8424 (Linking)},
   DOI = {10.1073/pnas.1015178108},
   url = {https://www.ncbi.nlm.nih.gov/pubmed/21606358},
   year = {2011},
   type = {Journal Article}
}

@article{dell2014,
   author = {Dell, A. I. and Pawar, S. and Savage, V. M.},
   title = {Temperature dependence of trophic interactions are driven by asymmetry of species responses and foraging strategy},
   journal = {Journal of Animal Ecology},
   volume = {83},
   number = {1},
   pages = {70-84},
      ISSN = {1365-2656 (Electronic)
0021-8790 (Linking)},
   DOI = {10.1111/1365-2656.12081},
   url = {https://www.ncbi.nlm.nih.gov/pubmed/23692182},
   year = {2014},
   type = {Journal Article}
}

@article{demandt2018,
   author = {Demandt, N. and Saus, B. and Kurvers, Rhjm and Krause, J. and Kurtz, J. and Scharsack, J. P.},
   title = {Parasite-infected sticklebacks increase the risk-taking behaviour of uninfected group members},
   journal = {Proceedings of the Royal Society B: Biological Sciences},
   volume = {285},
   number = {1881},
   ISSN = {1471-2954 (Electronic)
0962-8452 (Linking)},
   DOI = {10.1098/rspb.2018.0956},
   url = {https://www.ncbi.nlm.nih.gov/pubmed/29925621},
   year = {2018},
   type = {Journal Article}
}

@article{dezfuli1999,
   author = {Dezfuli, B. S. and Giari, L.},
   title = {Amphipod intermediate host of \emph{Polymorphus minutus} ({A}canthocephala), parasite of water birds, with notes on ultrastructure of host-parasite interface},
   journal = {Folia Parasitologica},
   volume = {46},
   number = {2},
   pages = {117-122},
   ISSN = {0015-5683},
   url = {<Go to ISI>://WOS:000081207800008},
   year = {1999},
   type = {Journal Article}
}

@article{dezfuli2001,
   author = {Dezfuli, B. S. and Giari, L. and Poulin, R.},
   title = {Costs of intraspecific and interspecific host sharing in acanthocephalan cystacanths},
   journal = {Parasitology},
   volume = {122},
   number = {4},
   pages = {483-489},
   ISSN = {0031-1820 (Print)
0031-1820 (Linking)},
   url = {http://www.ncbi.nlm.nih.gov/pubmed/11315182},
   year = {2001},
   type = {Journal Article}
}

@article{dick2010,
   author = {Dick, J. T. and Armstrong, M. and Clarke, H. C. and Farnsworth, K. D. and Hatcher, M. J. and Ennis, M. and Kelly, A. and Dunn, A. M.},
   title = {Parasitism may enhance rather than reduce the predatory impact of an invader},
   journal = {Biology Letters},
   volume = {6},
   number = {5},
   pages = {636-638},
   ISSN = {1744-957X (Electronic)
1744-9561 (Linking)},
   DOI = {10.1098/rsbl.2010.0171},
   url = {http://www.ncbi.nlm.nih.gov/pubmed/20392715},
   year = {2010},
   type = {Journal Article}
}

@article{dick1993,
   author = {Dick, Jaimie T. A.  and Montgomery, Ian and Elwood, Robert W.},
   title = {Replacement of the indigenous amphipod Gammarus duebeni celticus by the introduced G. pulex: differential cannibalism and mutual predation},
   journal = {Journal of Animal Ecology},
   volume = {62},
   number = {1},
   pages = {79-88},
   ISSN = {00218790, 13652656},
   DOI = {10.2307/5484},
   url = {http://www.jstor.org/stable/5484},
   year = {1993},
   type = {Journal Article}
}

@article{dobson2008,
   author = {Dobson, A. and Lafferty, K. D. and Kuris, A. M. and Hechinger, R. F. and Jetz, W.},
   title = {Homage to Linnaeus: how many parasites? How many hosts?},
   journal = {Proceedings of the Royal Society B: Biological Sciences},
   volume = {105},
   pages = {11482-11489},
   ISSN = {1091-6490 (Electronic)
0027-8424 (Linking)},
   DOI = {10.1073/pnas.0803232105},
   url = {http://www.ncbi.nlm.nih.gov/pubmed/18695218},
   year = {2008},
   type = {Journal Article}
}

@article{donohue2016,
   author = {Donohue, Ian and Hillebrand, Helmut and Montoya, José M. and Petchey, Owen L. and Pimm, Stuart L. and Fowler, Mike S. and Healy, Kevin and Jackson, Andrew L. and Lurgi, Miguel and McClean, Deirdre and O'Connor, Nessa E. and O'Gorman, Eoin J. and Yang, Qiang},
   title = {Navigating the complexity of ecological stability},
   journal = {Ecology Letters},
   volume = {19},
   number = {9},
   pages = {1172-1185},
   DOI = {doi:10.1111/ele.12648},
   url = {https://onlinelibrary.wiley.com/doi/abs/10.1111/ele.12648},
   year = {2016},
   type = {Journal Article}
}

@article{donohue2017,
   author = {Donohue, I. and Petchey, O. L. and Kéfi, S.  and Genin, A. and Jackson, A. L. and Yang, Q. and O'Connor, N. E.},
   title = {Loss of predator species, not intermediate consumers, triggers rapid and dramatic extinction cascades},
   journal = {Global Change Biology},
   volume = {23},
   number = {8},
   pages = {2962–2972},
   ISSN = {1365-2486 (Electronic)
1354-1013 (Linking)},
   DOI = {10.1111/gcb.13703},
   url = {https://www.ncbi.nlm.nih.gov/pubmed/28346736},
   year = {2017},
   type = {Journal Article}
}

@article{donohue2013,
   author = {Donohue, I. and Petchey, O. L. and Montoya, J. M. and Jackson, A. L. and McNally, L. and Viana, M. and Healy, K. and Lurgi, M. and O'Connor, N. E. and Emmerson, M. C.},
   title = {On the dimensionality of ecological stability},
   journal = {Ecology Letters},
   volume = {16},
   number = {4},
   pages = {421-429},
    ISSN = {1461-0248 (Electronic)
1461-023X (Linking)},
   DOI = {10.1111/ele.12086},
   url = {http://www.ncbi.nlm.nih.gov/pubmed/23419041},
   year = {2013},
   type = {Journal Article}
}

@article{dunn1998,
   author = {Dunn, A. M. and Dick, J. T. A.},
   title = {Parasitism and epibiosis in native and non-native gammarids in freshwater in {I}reland},
   journal = {Ecography},
   volume = {21},
   number = {6},
   pages = {593-598},
     ISSN = {0906-7590},
   DOI = {DOI 10.1111/j.1600-0587.1998.tb00551.x},
   url = {<Go to ISI>://WOS:000077716600004},
   year = {1998},
   type = {Journal Article}
}

@article{dunne2013,
   author = {Dunne, J. A. and Lafferty, K. D. and Dobson, A. P. and Hechinger, R. F. and Kuris, A. M. and Martinez, N. D. and McLaughlin, J. P. and Mouritsen, K. N. and Poulin, R. and Reise, K. and Stouffer, D. B. and Thieltges, D. W. and Williams, R. J. and Zander, C. D.},
   title = {Parasites affect food web structure primarily through increased diversity and complexity},
   journal = {PLoS Biology},
   volume = {11},
   number = {6},
   pages = {e1001579},
    ISSN = {1545-7885 (Electronic)
1544-9173 (Linking)},
   DOI = {10.1371/journal.pbio.1001579},
   url = {http://www.ncbi.nlm.nih.gov/pubmed/23776404},
   year = {2013},
   type = {Journal Article}
}

@article{enlund2011,
   author = {Englund, Göran and Öhlund, Gunnar and Hein, Catherine L. and Diehl, Sebastian},
   title = {Temperature dependence of the functional response},
   journal = {Ecology Letters},
   volume = {14},
   number = {9},
   pages = {914-921},
     DOI = {doi:10.1111/j.1461-0248.2011.01661.x},
   url = {https://onlinelibrary.wiley.com/doi/abs/10.1111/j.1461-0248.2011.01661.x},
   year = {2011},
   type = {Journal Article}
}

@article{ferrari2015,
   author = {Ferrari, M. C. and Munday, P. L. and Rummer, J. L. and McCormick, M. I. and Corkill, K. and Watson, S. A. and Allan, B. J. and Meekan, M. G. and Chivers, D. P.},
   title = {Interactive effects of ocean acidification and rising sea temperatures alter predation rate and predator selectivity in reef fish communities},
   journal = {Global Change Biology},
   volume = {21},
   number = {5},
   pages = {1848-1855},
     ISSN = {1365-2486 (Electronic)
1354-1013 (Linking)},
   DOI = {10.1111/gcb.12818},
   url = {https://www.ncbi.nlm.nih.gov/pubmed/25430991},
   year = {2015},
   type = {Journal Article}
}

@article{fielding2003,
   author = {Fielding, Nina J. and MacNeil, Calum and Dick, Jaimie T. A. and Elwood, Robert W. and Riddell, Gillian E. and Dunn, Alison M.},
   title = {Effects of the acanthocephalan parasite \emph{Echinorhynchus truttae} on the feeding ecology of \emph{Gammarus pulex} ({C}rustacea: {A}mphipoda)},
   journal = {Journal of Zoology},
   volume = {261},
   number = {3},
   pages = {321-325},
   ISSN = {09528369
14697998},
   DOI = {10.1017/s0952836903004230},
   year = {2003},
   type = {Journal Article}
}

@article{frick2015,
   author = {Frick, Winifred F. and Puechmaille, Sébastien J. and Hoyt, Joseph R. and Nickel, Barry A. and Langwig, Kate E. and Foster, Jeffrey T. and Barlow, Kate E. and Bartonička, Tomáš and Feller, Dan and Haarsma, Anne-Jifke and Herzog, Carl and Horáček, Ivan and Kooij, Jeroen and Mulkens, Bart and Petrov, Boyan and Reynolds, Rick and Rodrigues, Luísa and Stihler, Craig W. and Turner, Gregory G. and Kilpatrick, A. Marm},
   title = {Disease alters macroecological patterns of {N}orth {A}merican bats},
   journal = {Global Ecology and Biogeography},
   volume = {24},
   number = {7},
   pages = {741-749},
     DOI = {doi:10.1111/geb.12290},
   url = {https://onlinelibrary.wiley.com/doi/abs/10.1111/geb.12290},
   year = {2015},
   type = {Journal Article}
}

@article{galaktionov2017,
   author = {Galaktionov, K. V.},
   title = {Patterns and processes influencing helminth parasites of Arctic coastal communities during climate change},
   journal = {Journal of Helminthology},
   volume = {91},
   number = {4},
   pages = {387-408},
      ISSN = {1475-2697 (Electronic)
0022-149X (Linking)},
   DOI = {10.1017/S0022149X17000232},
   url = {https://www.ncbi.nlm.nih.gov/pubmed/28325173},
   year = {2017},
   type = {Journal Article}
}

@article{galic2017,
   author = {Galic, Nika and Forbes, Valery E.},
   title = {Effects of temperature on the performance of a freshwater amphipod},
   journal = {Hydrobiologia},
   volume = {785},
   number = {1},
   pages = {35-46},
     ISSN = {1573-5117},
   DOI = {10.1007/s10750-016-2901-9},
   url = {http://dx.doi.org/10.1007/s10750-016-2901-9},
   year = {2017},
   type = {Journal Article}
}

@article{gamfeldt2017,
   author = {Gamfeldt, L. and Roger, F.},
   title = {Revisiting the biodiversity-ecosystem multifunctionality relationship},
   journal = {Nature Ecology and Evolution},
   volume = {1},
   number = {7},
   pages = {168},
     ISSN = {2397-334X (Electronic)
2397-334X (Linking)},
   DOI = {10.1038/s41559-017-0168},
   url = {https://www.ncbi.nlm.nih.gov/pubmed/28812584},
   year = {2017},
   type = {Journal Article}
}

@article{gehman2018,
   author = {Gehman, Alyssa-Lois M. and Hall, Richard J. and Byers, James E.},
   title = {Host and parasite thermal ecology jointly determine the effect of climate warming on epidemic dynamics},
   journal = {Proceedings of the National Academy of Sciences of the United States of America},
   volume = {115},
   number = {4},
   pages = {744-749},
    DOI = {10.1073/pnas.1705067115},
   url = {http://www.pnas.org/content/pnas/115/4/744.full.pdf},
   year = {2018},
   type = {Journal Article}
}

@article{gnaiger1983,
   author = {Gnaiger, E.},
   title = {Heat dissipation and energetic efficiency in animal anoxibiosis - economy contra power},
   journal = {Journal of Experimental Zoology},
   volume = {228},
   number = {3},
   pages = {471-490},
    ISSN = {0022-104x},
   DOI = {10.1002/jez.1402280308},
   url = {<Go to ISI>://WOS:A1983RX23900007},
   year = {1983},
   type = {Journal Article}
}

@article{goedknegt2015,
   author = {Goedknegt, M. Anouk  and Welsh, Jennifer E. and Drent, Jan and Thieltges, David W.},
   title = {Climate change and parasite transmission: how temperature affects parasite infectivity via predation on infective stages},
   journal = {Ecosphere},
   volume = {6},
   number = {6},
   pages = {96},
   DOI = {doi:10.1890/ES15-00016.1},
   url = {https://esajournals.onlinelibrary.wiley.com/doi/abs/10.1890/ES15-00016.1},
   year = {2015},
   type = {Journal Article}
}

@article{gonzalez2010,
   author = {Gonzalez, C. and Wang, O. and Strutz, S. E. and Gonzalez-Salazar, C. and Sanchez-Cordero, V. and Sarkar, S.},
   title = {Climate change and risk of leishmaniasis in {N}orth {A}merica: predictions from ecological niche models of vector and reservoir species},
   journal = {PLoS Neglected Tropical Diseases},
   volume = {4},
   number = {1},
   pages = {e585},
    ISSN = {1935-2735 (Electronic)
1935-2727 (Linking)},
   DOI = {10.1371/journal.pntd.0000585},
   url = {https://www.ncbi.nlm.nih.gov/pubmed/20098495},
   year = {2010},
   type = {Journal Article}
}

@article{gordon2018,
   author = {Gordon, T. A. C. and Neto-Cerejeira, J. and Furey, P. C. and O’Gorman, Eoin J.},
   title = {Changes in feeding selectivity of freshwater invertebrates across a natural thermal gradient},
   journal = {Current Zoology},
   volume = {64},
   number = {2},
   pages = {231-242},
   ISSN = {1674-5507
2396-9814},
   DOI = {10.1093/cz/zoy011},
   year = {2018},
   type = {Journal Article}
}

@article{grabner2017,
   author = {Grabner, Daniel S.},
   title = {Hidden diversity: parasites of stream arthropods},
   journal = {Freshwater Biology},
   volume = {62},
   number = {1},
   pages = {52-64},
   ISSN = {00465070},
   DOI = {10.1111/fwb.12848},
   year = {2017},
   type = {Journal Article}
}

@article{graca1993,
   author = {Graça, M. A. S. and Maltby, L. and Calow, P.},
   title = {Importance of fungi in the diet of \emph{Gammarus pulex} and \emph{Asellus aquaticus} 2: effects on growth, reproduction and physiology},
   journal = {Oecologia},
   volume = {96},
 number = {3},
   pages = {304-309},
   DOI = {10.1007/bf00317498},
   url = {http://dx.doi.org/10.1007/BF00317498},
   year = {1993},
   type = {Journal Article}
}

@article{grant1994,
   author = {Grant, Jon and Daborn, Graham},
   title = {The effects of bioturbation on sediment transport on an intertidal mudflat},
   journal = {Netherlands Journal of Sea Research},
   volume = {32},
   number = {1},
   pages = {63-72},
   ISSN = {0077-7579},
   DOI = {https://doi.org/10.1016/0077-7579(94)90028-0},
   url = {http://www.sciencedirect.com/science/article/pii/0077757994900280},
   year = {1994},
   type = {Journal Article}
}

@article{grime1997,
   author = {Grime, J. P.},
   title = {Biodiversity and ecosystem function: the debate deepens},
   journal = {Science},
   volume = {277},
   number = {5330},
   pages = {1260-1261},
   DOI = {10.1126/science.277.5330.1260},
   year = {1997},
   type = {Journal Article}
}

@article{hadfield2010,
   author = {Hadfield, Jarrod D},
   title = {{MCMC} methods for multi-response generalized linear mixed models: the {MCMC}glmm {R} package},
   journal = {Journal of Statistical Software},
   volume = {33},
   number = {2},
   pages = {1-22},
   year = {2010},
   type = {Journal Article}
}

@article{hafer2016,
   author = {Hafer, N.},
   title = {Conflicts over host manipulation between different parasites and pathogens: Investigating the ecological and medical consequences},
   journal = {Bioessays},
   volume = {38},
   number = {10},
   pages = {1027-1037},
   ISSN = {1521-1878 (Electronic)
0265-9247 (Linking)},
   DOI = {10.1002/bies.201600060},
   url = {https://www.ncbi.nlm.nih.gov/pubmed/27510821},
   year = {2016},
   type = {Journal Article}
}

@article{halcrow1967,
   author = {Halcrow, K. and Boyd, C. M.},
   title = {The oxygen consumption and swimming activity of the amphipod \emph{Gammarus oceanicus} at different temperatures},
   journal = {Comparative Biochemistry and Physiology},
   volume = {23},
   number = {1},
   pages = {233-242},
   ISSN = {0010-406X},
   DOI = {http://dx.doi.org/10.1016/0010-406X(67)90491-4},
   url = {http://www.sciencedirect.com/science/article/pii/0010406X67904914},
   year = {1967},
   type = {Journal Article}
}

@article{hatcher2008,
   author = {Hatcher, M. J. and Dick, J. T. and Dunn, A. M.},
   title = {A keystone effect for parasites in intraguild predation?},
   journal = {Biology Letters},
   volume = {4},
   number = {5},
   pages = {534-537},
    ISSN = {1744-9561 (Print)
1744-9561 (Linking)},
   DOI = {10.1098/rsbl.2008.0178},
   url = {https://www.ncbi.nlm.nih.gov/pubmed/18611840},
   year = {2008},
   type = {Journal Article}
}

@article{hatcher2014,
   author = {Hatcher, M. J. and Dick, J. T. and Dunn, A. M.},
   title = {Parasites that change predator or prey behaviour can have keystone effects on community composition},
   journal = {Biology Letters},
   volume = {10},
   number = {1},
   pages = {20130879},
   ISSN = {1744-957X (Electronic)
1744-9561 (Linking)},
   DOI = {10.1098/rsbl.2013.0879},
   url = {http://www.ncbi.nlm.nih.gov/pubmed/24429680},
   year = {2014},
   type = {Journal Article}
}

@article{hatcher2012,
   author = {Hatcher, M. J. and Dick, J. T. A. and Dunn, A. M.},
   title = {Diverse effects of parasites in ecosystems: linking interdependent processes},
   journal = {Frontiers in Ecology and the Environment},
   volume = {10},
   number = {4},
   pages = {186-194},
   ISSN = {1540-9295},
   DOI = {10.1890/110016},
   url = {<Go to ISI>://WOS:000303425200016},
   year = {2012},
   type = {Journal Article}
}

@article{hernandez2008,
   author = {Hernandez, A. D. and Sukhdeo, M. V.},
   title = {Parasites alter the topology of a stream food web across seasons},
   journal = {Oecologia},
   volume = {156},
   number = {3},
   pages = {613-624},
    ISSN = {0029-8549 (Print)
0029-8549 (Linking)},
   DOI = {10.1007/s00442-008-0999-9},
   url = {https://www.ncbi.nlm.nih.gov/pubmed/18305960},
   year = {2008},
   type = {Journal Article}
}

@article{hewitt2016,
   author = {Hewitt, Judi E. and Ellis, Joanne I. and Thrush, Simon F.},
   title = {Multiple stressors, nonlinear effects and the implications of climate change impacts on marine coastal ecosystems},
   journal = {Global Change Biology},
   volume = {22},
   number = {8},
   pages = {2665-2675},
   DOI = {doi:10.1111/gcb.13176},
   url = {https://onlinelibrary.wiley.com/doi/abs/10.1111/gcb.13176},
   year = {2016},
   type = {Journal Article}
}

@article{hillebrand2018,
   author = {Hillebrand, Helmut and Langenheder, Silke and Lebret, Karen and Lindström, Eva and Östman, Orjan and Striebel, Maren},
   title = {Decomposing multiple dimensions of stability in global change experiments},
   journal = {Ecology Letters},
   volume = {21},
   number = {1},
   pages = {21-30},
    DOI = {doi:10.1111/ele.12867},
   url = {https://onlinelibrary.wiley.com/doi/abs/10.1111/ele.12867},
   year = {2018},
   type = {Journal Article}
}

@article{hoberg2007,
   author = {Hoberg, E. P. and Brooks, D. R.},
   title = {How will global climate change affect parasite–host assemblages?},
   journal = {TRENDS in Parasitology},
   volume = {23},
   number = {12},
   pages = {571-574},
   year = {2007},
   type = {Journal Article}
}

@article{hoglund1990,
   author = {Höglund, Johan and Thulin, Jan},
   title = {The epidemiology of the metacercariae of \emph{Diplostomum baeri} and \emph{D. spathaceum} in perch (\emph{Perca fluviatilis}) from the warm water effluent of a nuclear power station},
   journal = {Journal of Helminthology},
   volume = {64},
   number = {2},
   pages = {139-150},
    ISSN = {0022-149X},
   DOI = {10.1017/S0022149X00012050},
   url = {https://www.cambridge.org/core/article/epidemiology-of-the-metacercariae-of-diplostomum-baeri-and-d-spathaceum-in-perch-perca-fluviatilis-from-the-warm-water-effluent-of-a-nuclear-power-station/FECC8439917D3948BBC3BE6E6CCE5719},
   year = {1990},
   type = {Journal Article}
}

@article{holling1973,
   author = {Holling, C S},
   title = {Resilience and stability of ecological systems},
   journal = {Annual Review of Ecology and Systematics},
   volume = {4},
   number = {1},
   pages = {1-23},
   DOI = {10.1146/annurev.es.04.110173.000245},
   url = {https://www.annualreviews.org/doi/abs/10.1146/annurev.es.04.110173.000245},
   year = {1973},
   type = {Journal Article}
}

@phdthesis{horvath1969,
   author = {Horvath, Kalman},
   title = {The physiology of activation of larval \emph{Moniliformis dubius} ({A}canthocephala)},
   school = {Rice University},
   year = {1969},
   type = {Thesis}
}

@article{hunting2012,
   author = {Hunting, Ellard R. and Whatley, Merrin H. and van der Geest, Harm G. and Mulder, Christian and Kraak, Michiel H. S. and Breure, Anton M. and Admiraal, Wim},
   title = {Invertebrate footprints on detritus processing, bacterial community structure, and spatiotemporal redox profiles},
   journal = {Freshwater Science},
   volume = {31},
   number = {3},
   pages = {724-732},
   ISSN = {2161-9549
2161-9565},
   DOI = {10.1899/11-134.1},
   year = {2012},
   type = {Journal Article}
}

@article{hynes1958,
   author = {Hynes, H. B. and Nicholas, W. L.},
   title = {The resistance of \emph{Gammarus} spp. to infection by \emph{Polymorphus minutus} ({G}oeze, 1782) ({A}canthocephala)},
   journal = {Annals of Tropical Medicine and Parasitology},
   volume = {52},
   number = {3},
   pages = {376-383},
    ISSN = {0003-4983 (Print)
0003-4983 (Linking)},
   url = {http://www.ncbi.nlm.nih.gov/pubmed/13595563},
   year = {1958},
   type = {Journal Article}
}

@inbook{ipcc2014,
   author = {IPCC},
   title = {Climate Change 2014: synthesis report. {C}ontribution of working groups I, II and III to the fifth assessment report of the {I}ntergovernmental {P}anel on {C}limate {C}hange},
   editor = {Pachauri, Rajendra K and Meyer, Leo and Plattner, Gian-Kasper and Stocker, Thomas},
   pages = {1-151},
   ISBN = {9291691437},
   year = {2014},
   type = {Book Section}
}

@article{issartel2005,
   author = {Issartel, Julien and Hervant, Frédéric and Voituron, Yann and Renault, David and Vernon, Philippe},
   title = {Behavioural, ventilatory and respiratory responses of epigean and hypogean crustaceans to different temperatures},
   journal = {Comparative Biochemistry and Physiology Part A: Molecular & Integrative Physiology},
   volume = {141},
   number = {1},
   pages = {1-7},
   ISSN = {1095-6433},
   DOI = {https://doi.org/10.1016/j.cbpb.2005.02.013},
   url = {http://www.sciencedirect.com/science/article/pii/S109564330500070X},
   year = {2005},
   type = {Journal Article}
}

@article{jackson2016,
   author = {Jackson, Michelle C. and Loewen, Charlie J. G. and Vinebrooke, Rolf D. and Chimimba, Christian T.},
   title = {Net effects of multiple stressors in freshwater ecosystems: a meta‐analysis},
   journal = {Global Change Biology},
   volume = {22},
   number = {1},
   pages = {180-189},
    DOI = {doi:10.1111/gcb.13028},
   url = {https://onlinelibrary.wiley.com/doi/abs/10.1111/gcb.13028},
   year = {2016},
   type = {Journal Article}
}

@article{jacquin2014,
   author = {Jacquin, L. and Mori, Q. and Pause, M. and Steffen, M. and Medoc, V.},
   title = {Non-specific manipulation of gammarid behaviour by \emph{P. minutus} parasite enhances their predation by definitive bird hosts},
   journal = {PLoS One},
   volume = {9},
   number = {7},
   pages = {e101684},
    ISSN = {1932-6203 (Electronic)
1932-6203 (Linking)},
   DOI = {10.1371/journal.pone.0101684},
   url = {http://www.ncbi.nlm.nih.gov/pubmed/25000519},
   year = {2014},
   type = {Journal Article}
}

@article{jephcott2016,
   author = {Jephcott, Thomas G. and Sime-Ngando, Telesphore and Gleason, Frank H. and Macarthur, Deborah J.},
   title = {Host–parasite interactions in food webs: Diversity, stability, and coevolution},
   journal = {Food Webs},
   volume = {6},
   pages = {1-8},
   ISSN = {23522496},
   DOI = {10.1016/j.fooweb.2015.12.001},
   year = {2016},
   type = {Journal Article}
}

@article{jeschke2002,
   author = {Jeschke, Jonathan M. and Kopp, Michael and Tollrian, Ralph},
   title = {Predator functional responses: discriminating between handling and digesting prey},
   journal = {Ecological Monographs},
   volume = {72},
   number = {1},
   pages = {95-112},
    DOI = {doi:10.1890/0012-9615(2002)072[0095:PFRDBH]2.0.CO;2},
  year = {2002},
   type = {Journal Article}
}

@article{johnson2015,
   author = {Johnson, P. T. and de Roode, J. C. and Fenton, A.},
   title = {Why infectious disease research needs community ecology},
   journal = {Science},
   volume = {349},
   number = {6252},
   pages = {1259504},
    ISSN = {1095-9203 (Electronic)
0036-8075 (Linking)},
   DOI = {10.1126/science.1259504},
   url = {https://www.ncbi.nlm.nih.gov/pubmed/26339035},
   year = {2015},
   type = {Journal Article}
}

@article{johnson2006,
   author = {Johnson, P. T. J. and Stanton, D. E. and Preu, E. R. and Forshay, K. J. and Carpenter, S. R.},
   title = {Dining on disease: How interactions between infection and environment affect predation risk},
   journal = {Ecology},
   volume = {87},
   number = {8},
   pages = {1973-1980},
    ISSN = {0012-9658},
   DOI = {Doi 10.1890/0012-9658(2006)87[1973:Dodhib]2.0.Co;2},
   url = {<Go to ISI>://WOS:000239833400014},
   year = {2006},
   type = {Journal Article}
}

@inbook{Jones1996,
   author = {Jones, Clive G. and Lawton, John H. and Shachak, Moshe},
   title = {Organisms as Ecosystem Engineers},
   booktitle = {Ecosystem Management: Selected Readings},
   publisher = {Springer New York},
   address = {New York, NY},
   pages = {130-147},
    ISBN = {978-1-4612-4018-1},
   DOI = {10.1007/978-1-4612-4018-1_14},
   url = {https://doi.org/10.1007/978-1-4612-4018-1_14},
   year = {1996},
   type = {Book Section}
}

@article{jorge2018,
   author = {Jorge, F. and Poulin, R.},
   title = {Poor geographical match between the distributions of host diversity and parasite discovery effort},
   journal = {Proceedings of the Royal Society B: Biological Sciences},
   volume = {285},
   number = {1879},
pages = {20180072},
    ISSN = {1471-2954 (Electronic)
0962-8452 (Linking)},
   DOI = {10.1098/rspb.2018.0072},
   url = {https://www.ncbi.nlm.nih.gov/pubmed/29848643},
   year = {2018},
   type = {Journal Article}
}

@article{kadoya2015,
   author = {Kadoya, E. Z. and Ishii, H. S.},
   title = {Host manipulation of bumble bee queens by \emph{Sphaerularia} nematodes indirectly affects foraging of non-host workers},
   journal = {Ecology},
   volume = {96},
   number = {5},
   pages = {1361-1370},
      ISSN = {0012-9658 (Print)
0012-9658 (Linking)},
   DOI = {10.1890/14-0036.1},
   url = {https://www.ncbi.nlm.nih.gov/pubmed/26236849},
   year = {2015},
   type = {Journal Article}
}

@article{kakizaki2003,
   author = {Kakizaki, T. and Saito, T. and Ohtaka, A. and Nagasawa, K.},
   title = {Effects of \emph{Acanthocephalus sp} ({A}canthocephala : {E}chinorhynchidae) on the body size and reproduction of isopods (\emph{Asellus hilgendorfi})},
   journal = {Limnology},
   volume = {4},
   number = {1},
   pages = {43-46},
     ISSN = {1439-8621},
   DOI = {DOI 10.1007/s10201-002-0090-x},
   url = {<Go to ISI>://WOS:000185159100006},
   year = {2003},
   type = {Journal Article}
}

@article{kaldonski2009,
   author = {Kaldonski, N. and Perrot-Minnot, M. J. and Dodet, R. and Martinaud, G. and Cézilly, F.},
   title = {Carotenoid-based colour of acanthocephalan cystacanths plays no role in host manipulation},
   journal = {Proceedings of the Royal Society B: Biological Sciences},
   volume = {276},
   number = {1654},
   pages = {169-176},
     ISSN = {0962-8452 (Print)
0962-8452 (Linking)},
   DOI = {10.1098/rspb.2008.0798},
   url = {http://www.ncbi.nlm.nih.gov/pubmed/18796399},
   year = {2009},
   type = {Journal Article}
}

@article{kaldonski2008,
   author = {Kaldonski, N. and Perrot-Minnot, M. J. and Motreuil, S. and Cézilly, F.},
   title = {Infection with acanthocephalans increases the vulnerability of \emph{Gammarus pulex} ({C}rustacea, {A}mphipoda) to non-host invertebrate predators},
   journal = {Parasitology},
   volume = {135},
   number = {5},
   pages = {627-632},
    ISSN = {1469-8161 (Electronic)
0031-1820 (Linking)},
   DOI = {10.1017/S003118200800423X},
   url = {http://www.ncbi.nlm.nih.gov/pubmed/18371238},
   year = {2008},
   type = {Journal Article}
}

@article{kaldonski2007,
   author = {Kaldonski, N. and Perrot-Minnot, M. -. J. and Cézilly, F.},
   title = {Differential influence of two acanthocephalan parasites on the antipredator behaviour of their common intermediate host},
   journal = {Animal Behaviour},
   volume = {74},
 number = {5},
   pages = {1311-1317},
   DOI = {10.1016/j.anbehav.2007.02.027},
   url = {http://dx.doi.org/10.1016/j.anbehav.2007.02.027},
   year = {2007},
   type = {Journal Article}
}

@book{karaman1977,
   author = {Karaman, Gordan S and Pinkster, Sjouk},
   title = {Freshwater \emph{Gammarus} species from {E}urope, {N}orth {A}frica and adjacent regions of {A}sia ({C}rustacea-{A}mphipoda)},
   publisher = {Commissie voor de artis bibliotheek},
   volume = {47},
   series = {Bijdragen tot de dierkunde},
   ISBN = {0067-8546},
   year = {1977},
   type = {Book}
}

@article{kefi2015,
   author = {Kéfi, S. and Berlow, Eric L. and Wieters, Evie A. and Joppa, Lucas N. and Wood, Spencer A. and Brose, Ulrich and Navarrete, Sergio A.},
   title = {Network structure beyond food webs: mapping non-trophic and trophic interactions on {C}hilean rocky shores},
   journal = {Ecology},
   volume = {96},
   number = {1},
   pages = {291-303},
    ISSN = {1939-9170},
   DOI = {10.1890/13-1424.1},
   url = {http://dx.doi.org/10.1890/13-1424.1},
   year = {2015},
   type = {Journal Article}
}

@article{kefi2012,
   author = {Kéfi, S. and Berlow, E. L. and Wieters, E. A. and Navarrete, S. A. and Petchey, O. L. and Wood, S. A. and Boit, A. and Joppa, L. N. and Lafferty, K. D. and Williams, R. J. and Martinez, N. D. and Menge, B. A. and Blanchette, C. A. and Iles, A. C. and Brose, U.},
   title = {More than a meal... integrating non-feeding interactions into food webs},
   journal = {Ecology Letters},
   volume = {15},
   number = {4},
   pages = {291-300},
   ISSN = {1461-0248 (Electronic)
1461-023X (Linking)},
   DOI = {10.1111/j.1461-0248.2011.01732.x},
   url = {https://www.ncbi.nlm.nih.gov/pubmed/22313549},
   year = {2012},
   type = {Journal Article}
}

@article{kefi2016,
   author = {Kéfi, S. and Miele, V. and Wieters, E. A. and Navarrete, S. A. and Berlow, E. L.},
   title = {How structured is the entangled bank? The surprisingly simple organization of multiplex ecological networks leads to increased persistence and resilience},
   journal = {PLoS Biology},
   volume = {14},
   number = {8},
   pages = {e1002527},
    ISSN = {1545-7885 (Electronic)
1544-9173 (Linking)},
   DOI = {10.1371/journal.pbio.1002527},
   url = {https://www.ncbi.nlm.nih.gov/pubmed/27487303},
   year = {2016},
   type = {Journal Article}
}

@article{kelly2006,
   author = {Kelly, David W.  and Bailey, Roberta J. and MacNeil, Calum and Dick, Jaimie T. A. and McDonald, Robbie A.},
   title = {Invasion by the amphipod \emph{Gammarus pulex} alters community composition of native freshwater macroinvertebrates},
   journal = {Diversity and Distributions},
   volume = {12},
   number = {5},
   pages = {525-534},
    DOI = {doi:10.1111/j.1366-9516.2006.00275.x},
   url = {https://onlinelibrary.wiley.com/doi/abs/10.1111/j.1366-9516.2006.00275.x},
   year = {2006},
   type = {Journal Article}
}

@article{kelly2002,
   author = {Kelly, David W. and Dick, J. T. A. and Montgomery, W. I.},
   title = {The functional role of \emph{Gammarus} ({C}rustacea, {A}mphipoda): shredders, predators, or both?},
   journal = {Hydrobiologia},
   volume = {485},
   number = {1},
   pages = {199-203},
    ISSN = {0018-8158},
   DOI = {Doi 10.1023/A:1021370405349},
   url = {<Go to ISI>://WOS:000179640500017},
   year = {2002},
   type = {Journal Article}
}

@article{kenna2017,
   author = {Kenna, D. and Fincham, W. N. and Dunn, A. M. and Brown, L. E. and Hassall, C.},
   title = {Antagonistic effects of biological invasion and environmental warming on detritus processing in freshwater ecosystems},
   journal = {Oecologia},
   volume = {183},
   number = {3},
   pages = {875-886},
      ISSN = {1432-1939 (Electronic)
0029-8549 (Linking)},
   DOI = {10.1007/s00442-016-3796-x},
   url = {https://www.ncbi.nlm.nih.gov/pubmed/28013390},
   year = {2017},
   type = {Journal Article}
}

@article{kirk2018,
   author = {Kirk, D. and Jones, N. and Peacock, S. and Phillips, J. and Molnar, P. K. and Krkosek, M. and Luijckx, P.},
   title = {Empirical evidence that metabolic theory describes the temperature dependency of within-host parasite dynamics},
   journal = {PLoS Biology},
   volume = {16},
   number = {2},
   pages = {e2004608},
    ISSN = {1545-7885 (Electronic)
1544-9173 (Linking)},
   DOI = {10.1371/journal.pbio.2004608},
   url = {https://www.ncbi.nlm.nih.gov/pubmed/29415043},
   year = {2018},
   type = {Journal Article}
}

@article{kordas2017,
   author = {Kordas, R. L. and Donohue, I. and Harley, C.D.G.},
   title = {Herbivory enables marine communities to resist warming},
   journal = {Science Advances},
   volume = {3},
   number = {10},
   pages = {e1701349},
   DOI = {10.1126/sciadv.1701349},
   year = {2017},
   type = {Journal Article}
}

@article{kordas2011,
   author = {Kordas, R. L. and Harley, Christopher D. G. and O'Connor, Mary I.},
   title = {Community ecology in a warming world: the influence of temperature on interspecific interactions in marine systems},
   journal = {Journal of Experimental Marine Biology and Ecology},
   volume = {400},
   number = {1-2},
   pages = {218-226},
   ISSN = {00220981},
   DOI = {10.1016/j.jembe.2011.02.029},
   year = {2011},
   type = {Journal Article}
}

@article{kruis2008,
   author = {Kuris, A. M. and Hechinger, R. F. and Shaw, J. C. and Whitney, K. L. and Aguirre-Macedo, L. and Boch, C. A. and Dobson, A. P. and Dunham, E. J. and Fredensborg, B. L. and Huspeni, T. C. and Lorda, J. and Mababa, L. and Mancini, F. T. and Mora, A. B. and Pickering, M. and Talhouk, N. L. and Torchin, M. E. and Lafferty, K. D.},
   title = {Ecosystem energetic implications of parasite and free-living biomass in three estuaries},
   journal = {Nature},
   volume = {454},
   number = {7203},
   pages = {515-518},
    ISSN = {1476-4687 (Electronic)
0028-0836 (Linking)},
   DOI = {10.1038/nature06970},
   url = {https://www.ncbi.nlm.nih.gov/pubmed/18650923},
   year = {2008},
   type = {Journal Article}
}

@article{kutz2005,
   author = {Kutz, S. J. and Hoberg, E. P. and Polley, L. and Jenkins, E. J.},
   title = {Global warming is changing the dynamics of Arctic host-parasite systems},
   journal = {Proceedings of the Royal Society B: Biological Sciences},
   volume = {272},
   number = {1581},
   pages = {2571-2576},
    ISSN = {1471-2954 (Electronic)
0962-8452 (Linking)},
   DOI = {10.1098/rspb.2005.3285},
   url = {http://www.ncbi.nlm.nih.gov/pubmed/16321777},
   year = {2005},
   type = {Journal Article}
}

@article{labaude2017,
   author = {Labaude, S. and Cézilly, Frank and Rigaud, Thierry},
   title = {Temperature-related intraspecific variability in the behavioral manipulation of acanthocephalan parasites on their gammarid hosts},
   journal = {Biological Bulletin},
   volume = {232},
   number = {2},
   pages = {82-90},
    ISSN = {0006-3185},
   DOI = {10.1086/692684},
   url = {<Go to ISI>://WOS:000404487300002},
   year = {2017},
   type = {Journal Article}
}

@article{labaude2015influence,
   author = {Labaude, S. and Cézilly, Frank and Tercier, Xavier and Rigaud, Thierry},
   title = {Influence of host nutritional condition on post-infection traits in the association between the manipulative acanthocephalan \emph{Pomphorhynchus laevis} and the amphipod \emph{Gammarus pulex}},
   journal = {Parasites and Vectors},
   volume = {8},
   number = {1},
   pages = {403-415},
   ISSN = {1756-3305},
   DOI = {10.1186/s13071-015-1017-9},
   url = {http://dx.doi.org/10.1186/s13071-015-1017-9},
   year = {2015},
   type = {Journal Article}
}

@article{labaude2015host,
   author = {Labaude, S. and Rigaud, T. and Cezilly, F.},
   title = {Host manipulation in the face of environmental changes: ecological consequences},
   journal = {The International Journal for Parasitology: Parasites and Wildlife},
   volume = {4},
   number = {3},
   pages = {442-451},
     ISSN = {2213-2244 (Print)
2213-2244 (Linking)},
   DOI = {10.1016/j.ijppaw.2015.08.001},
   url = {https://www.ncbi.nlm.nih.gov/pubmed/26835252},
   year = {2015},
   type = {Journal Article}
}

@article{labaude2016,
   author = {Labaude, S. and Rigaud, T. and Cézilly, F.},
   title = {Additive effects of temperature and infection with an acanthocephalan parasite on the shredding activity of \emph{Gammarus fossarum} ({C}rustacea: {A}mphipoda): the importance of aggregative behavior},
   journal = {Global Change Biology},
   volume = {23},
   number = {4},
   pages = {1415–1424},
    ISSN = {1365-2486 (Electronic)
1354-1013 (Linking)},
   DOI = {10.1111/gcb.13490},
   url = {https://www.ncbi.nlm.nih.gov/pubmed/27591398},
   year = {2016},
   type = {Journal Article}
}

@article{lafferty2009,
   author = {Lafferty, K. D.},
   title = {The ecology of climate change and infectious diseases},
   journal = {Ecology},
   volume = {90},
   number = {4},
   pages = {888-900},
   DOI = {doi:10.1890/08-0079.1},
   url = {https://esajournals.onlinelibrary.wiley.com/doi/abs/10.1890/08-0079.1},
   year = {2009},
   type = {Journal Article}
}

@article{lafferty2008,
   author = {Lafferty, K. D. and Allesina, S. and Arim, M. and Briggs, C. J. and De Leo, G. and Dobson, A. P. and Dunne, J. A. and Johnson, P. T. and Kuris, A. M. and Marcogliese, D. J. and Martinez, N. D. and Memmott, J. and Marquet, P. A. and McLaughlin, J. P. and Mordecai, E. A. and Pascual, M. and Poulin, R. and Thieltges, D. W.},
   title = {Parasites in food webs: the ultimate missing links},
   journal = {Ecology Letters},
   volume = {11},
   number = {6},
   pages = {533-546},
     ISSN = {1461-0248 (Electronic)
1461-023X (Linking)},
   DOI = {10.1111/j.1461-0248.2008.01174.x},
   url = {http://www.ncbi.nlm.nih.gov/pubmed/18462196},
   year = {2008},
   type = {Journal Article}
}

@article{lafferty2015,
   author = {Lafferty, Kevin D. and DeLeo, Giulio and Briggs, Cheryl J. and Dobson, Andrew P. and Gross, Thilo and Kuris, Armand M.},
   title = {A general consumer-resource population model},
   journal = {Science},
   volume = {349},
   number = {6250},
   pages = {854-857},
    DOI = {10.1126/science.aaa6224},
   url = {http://science.sciencemag.org/content/sci/349/6250/854.full.pdf},
   year = {2015},
   type = {Journal Article}
}

@article{lafferty2006parasites,
   author = {Lafferty, K. D. and Dobson, A. P. and Kuris, A. M.},
   title = {Parasites dominate food web links},
   journal = {Proceedings of the National Academy of Sciences of the United States of America},
   volume = {103},
   number = {30},
   pages = {11211-11216},
   ISSN = {0027-8424 (Print)
0027-8424 (Linking)},
   DOI = {10.1073/pnas.0604755103},
   url = {http://www.ncbi.nlm.nih.gov/pubmed/16844774},
   year = {2006},
   type = {Journal Article}
}

@inbook{lafferty2006food,
   author = {Lafferty, K. D. and Hechinger, R. F. and Shaw, J. C. and Whitney, K. L. and Kuris, A. M.},
   title = {Food webs and parasites in a salt marsh ecosystem},
   booktitle = {Disease ecology: community structure and pathogen dynamics},
   editor = {Collinge, S and Ray, C.},
   publisher = {Oxford University Press},
   address = {Oxford},
   chapter = {9},
   pages = {119-134},
   ISBN = {9780198567080},
   DOI = {10.1093/acprof:oso/9780198567080.003.0009},
   year = {2006},
   type = {Book Section}
}

@article{lagrue2007,
   author = {Lagrue, C. and Kaldonski, N. and Perrot-Minnot, M. J. and Motreuil, S. and Bollache, L.},
   title = {Modification of hosts' behavior by a parasite: field evidence for adaptive manipulation},
   journal = {Ecology},
   volume = {88},
   number = {11},
   pages = {2839-2847},
   ISSN = {0012-9658 (Print)
0012-9658 (Linking)},
   url = {http://www.ncbi.nlm.nih.gov/pubmed/18051653},
   year = {2007},
   type = {Journal Article}
}

@article{laverty2017,
   author = {Laverty, C. and Brenner, D. and McIlwaine, C. and Lennon, J. J. and Dick, J. T. and Lucy, F. E. and Christian, K. A.},
   title = {Temperature rise and parasitic infection interact to increase the impact of an invasive species},
   journal = {International Journal for Parasitology},
   volume = {47},
   number = {5},
   pages = {291-296},
   ISSN = {1879-0135 (Electronic)
0020-7519 (Linking)},
   DOI = {10.1016/j.ijpara.2016.12.004},
   url = {https://www.ncbi.nlm.nih.gov/pubmed/28214510},
   year = {2017},
   type = {Journal Article}
}

@article{lefevre2009,
   author = {Lefevre, T. and Lebarbenchon, C. and Gauthier-Clerc, M. and Misse, D. and Poulin, R. and Thomas, F.},
   title = {The ecological significance of manipulative parasites},
   journal = {Trends in Ecology and Evolution},
   volume = {24},
   number = {1},
   pages = {41-8},
   ISSN = {0169-5347 (Print)
0169-5347 (Linking)},
   DOI = {10.1016/j.tree.2008.08.007},
   url = {http://www.ncbi.nlm.nih.gov/pubmed/19026461},
   year = {2009},
   type = {Journal Article}
}

@article{lenihan1999,
   author = {Lenihan, H. S. and Micheli, F. and Shelton, S. W. and Peterson, C. H.},
   title = {The influence of multiple environmental stressors on susceptibility to parasites: An experimental determination with oysters},
   journal = {Limnology and Oceanography},
   volume = {44},
   number = {3},
   pages = {910-924},
   ISSN = {0024-3590},
   url = {<Go to ISI>://WOS:000080326600015},
   year = {1999},
   type = {Journal Article}
}

@article{little2018,
   author = {Little, Chelsea J. and Altermatt, Florian},
   title = {Species turnover and invasion of dominant freshwater invertebrates alter biodiversity–ecosystem-function relationship},
   journal = {Ecological Monographs},
   volume = {88},
   number = {3},
   pages = {461-480},
    DOI = {doi:10.1002/ecm.1299},
   url = {https://esajournals.onlinelibrary.wiley.com/doi/abs/10.1002/ecm.1299},
   year = {2018},
   type = {Journal Article}
}

@article{lyndon1996,
   author = {Lyndon, A. R.},
   title = {The role of acanthocephalan parasites in the predation of freshwater isopods by fish},
   journal = {Aquatic Predators and Their Prey},
   pages = {26-32},
   url = {<Go to ISI>://WOS:A1996BG45D00005},
   year = {1996},
   type = {Journal Article}
}

@article{macneil2009,
   author = {MacNeil, C. and Briffa, Mark},
   title = {Replacement of a native freshwater macroinvertebrate species by an invader: implications for biological water quality monitoring},
   journal = {Hydrobiologia},
   volume = {635},
   number = {1},
   pages = {321},
   ISSN = {1573-5117},
   DOI = {10.1007/s10750-009-9924-4},
   url = {https://doi.org/10.1007/s10750-009-9924-4},
   year = {2009},
   type = {Journal Article}
}

@article{macneil1997,
   author = {MacNeil, C. and Dick, J. T. and Elwood, R. W.},
   title = {The trophic ecology of freshwater \emph{Gammarus} spp. ({C}rustacea: {A}mphipoda): Problems and perspectives concerning the functional feeding group concept},
   journal = {Biological Reviews of the Cambridge Philosophical Society},
   volume = {72},
   number = {3},
   pages = {349-364},
    ISSN = {0006-3231},
   DOI = {Doi 10.1017/S0006323196005038},
   url = {<Go to ISI>://WOS:A1997YA26000001},
   year = {1997},
   type = {Journal Article}
}

@article{macneil2003,
   author = {MacNeil, C. and Fielding, N. J. and Dick, J. T. A. and Briffa, M. and Prenter, J. and Hatcher, M. J. and Dunn, A. M.},
   title = {An acanthocephalan parasite mediates intraguild predation between invasive and native freshwater amphipods ({C}rustacea)},
   journal = {Freshwater Biology},
   volume = {48},
   number = {12},
   pages = {2085-2093},
   ISSN = {0046-5070},
   DOI = {10.1046/j.1365-2427.2003.01145.x},
   url = {<Go to ISI>://WOS:000186697000001},
   year = {2003},
   type = {Journal Article}
}

@article{maire2010,
   author = {Maire, O. and Lecroart, P. and Meysman, F. and Rosenberg, R. and Duchêne, J. and Grémare, A.},
   title = {Quantification of sediment reworking rates in bioturbation research: a review},
   journal = {Aquatic Biology},
   volume = {2},
   number = {3},
   pages = {219-238},
   ISSN = {1864-7782
1864-7790},
   DOI = {10.3354/ab00053},
   year = {2010},
   type = {Journal Article}
}

@article{mancinelli2012,
   author = {Mancinelli, Giorgio},
   title = {To bite, or not to bite? A quantitative comparison of foraging strategies among three brackish crustaceans feeding on leaf litters},
   journal = {Estuarine Coastal and Shelf Science},
   volume = {110},
   pages = {125-133},
   ISSN = {02727714},
   DOI = {10.1016/j.ecss.2012.04.002},
   year = {2012},
   type = {Journal Article}
}

@article{manning2018,
   author = {Manning, P. and van der Plas, F. and Soliveres, S. and Allan, E. and Maestre, F. T. and Mace, G. and Whittingham, M. J. and Fischer, M.},
   title = {Redefining ecosystem multifunctionality},
   journal = {Nature Ecology and Evolution},
   volume = {2},
   number = {3},
   pages = {427-436},
   ISSN = {2397-334X (Electronic)
2397-334X (Linking)},
   DOI = {10.1038/s41559-017-0461-7},
   url = {https://www.ncbi.nlm.nih.gov/pubmed/29453352},
   year = {2018},
   type = {Journal Article}
}

@article{marriott1989,
   author = {Marriott, D. R. and Collins, M. L. and Paris, R. M. and Gudgin, D. R. and Barnard, C. J. and McGregor, P. K. and Gilbert, F. S. and Hartley, J. C. and Behnke, J. M.},
   title = {Behavioural modifications and increased predation risk of \emph{Gammarus pulex} infected with \emph{Polymorphus minutus}},
   journal = {Journal of Biological Education},
   volume = {23},
   number = {2},
   pages = {135-141},
   ISSN = {0021-9266},
   DOI = {10.1080/00219266.1989.9655047},
   year = {1989},
   type = {Journal Article}
}

@misc{may1974,
   author = {May, RM},
   title = {Stability and complexity in model ecosystems},
   publisher = {Princeton University Press},
   year = {1974},
   type = {Generic}
}

@article{mcclean2015,
   author = {McClean, D. and McNally, L. and Salzberg, L. I. and Devine, K. M. and Brown, S. P. and Donohue, I.},
   title = {Single gene locus changes perturb complex microbial communities as much as apex predator loss},
   journal = {Nature Communications},
   volume = {6},
   pages = {8235},
    ISSN = {2041-1723 (Electronic)
2041-1723 (Linking)},
   DOI = {10.1038/ncomms9235},
   url = {https://www.ncbi.nlm.nih.gov/pubmed/26354365},
   year = {2015},
   type = {Journal Article}
}

@book{mcdonald1988,
   author = {McDonald, M. E.},
   title = {Key to acanthocephala reported in waterfowl},
   publisher = {United States Department of the Interior, Fish and Wildlife Service},
   address = {Washington, D.C., U.S.A.},
   pages = {46},
   year = {1988},
   type = {Book}
}

@article{medoc2008,
   author = {Medoc, V. and Beisel, J. N.},
   title = {An acanthocephalan parasite boosts the escape performance of its intermediate host facing non-host predators},
   journal = {Parasitology},
   volume = {135},
   number = {8},
   pages = {977-984},
    ISSN = {1469-8161 (Electronic)
0031-1820 (Linking)},
   DOI = {10.1017/S0031182008004447},
   url = {http://www.ncbi.nlm.nih.gov/pubmed/18477417},
   year = {2008},
   type = {Journal Article}
}

@article{medoc2006,
   author = {Medoc, V. and Bollache, L. and Beisel, J. N.},
   title = {Host manipulation of a freshwater crustacean (\emph{Gammarus roeseli}) by an acanthocephalan parasite (\emph{Polymorphus minutus}) in a biological invasion context},
   journal = {International Journal for Parasitology},
   volume = {36},
   number = {13},
   pages = {1351-1358},
   ISSN = {0020-7519 (Print)
0020-7519 (Linking)},
   DOI = {10.1016/j.ijpara.2006.07.001},
   url = {http://www.ncbi.nlm.nih.gov/pubmed/16934814},
   year = {2006},
   type = {Journal Article}
}

@article{mermillod2006,
   author = {Mermillod‐Blondin, Florian and Gaudet, Jean‐Paul and Gerino, Magali and Desrosiers, Gaston and Jose, Jacques and Châtelliers, Michel Creuzé des},
   title = {Relative influence of bioturbation and predation on organic matter processing in river sediments: a microcosm experiment},
   journal = {Freshwater Biology},
   volume = {49},
   number = {7},
   pages = {895-912},
   DOI = {doi:10.1111/j.1365-2427.2004.01233.x},
   url = {https://onlinelibrary.wiley.com/doi/abs/10.1111/j.1365-2427.2004.01233.x},
   year = {2004},
   type = {Journal Article}
}

@article{meyer2018,
   author = {Meyer, S. T. and Ptacnik, R. and Hillebrand, H. and Bessler, H. and Buchmann, N. and Ebeling, A. and Eisenhauer, N. and Engels, C. and Fischer, M. and Halle, S. and Klein, A. M. and Oelmann, Y. and Roscher, C. and Rottstock, T. and Scherber, C. and Scheu, S. and Schmid, B. and Schulze, E. D. and Temperton, V. M. and Tscharntke, T. and Voigt, W. and Weigelt, A. and Wilcke, W. and Weisser, W. W.},
   title = {Biodiversity-multifunctionality relationships depend on identity and number of measured functions},
   journal = {Nature Ecology and Evolution},
   volume = {2},
   number = {1},
   pages = {44-49},
    ISSN = {2397-334X (Electronic)
2397-334X (Linking)},
   DOI = {10.1038/s41559-017-0391-4},
   url = {https://www.ncbi.nlm.nih.gov/pubmed/29180710},
   year = {2018},
   type = {Journal Article}
}

@article{moenickes2011,
   author = {Moenickes, S. and Schneider, A. K. and Muhle, L. and Rohe, L. and Richter, O. and Suhling, F.},
   title = {From population-level effects to individual response: modelling temperature dependence in \emph{Gammarus pulex}},
   journal = {Journal of Experimental Biology},
   volume = {214},
   number = {21},
   pages = {3678-3687},
   ISSN = {1477-9145 (Electronic)
0022-0949 (Linking)},
   DOI = {10.1242/jeb.061945},
   url = {http://www.ncbi.nlm.nih.gov/pubmed/21993798},
   year = {2011},
   type = {Journal Article}
}

@article{molnar2017,
   author = {Molnar, P. K. and Sckrabulis, J. P. and Altman, K. A. and Raffel, T. R.},
   title = {Thermal performance curves and the {M}etabolic {T}heory of {E}cology-a practical guide to models and experiments for parasitologists},
   journal = {Journal of Parasitology},
   volume = {103},
   number = {5},
   pages = {423-439},
    ISSN = {1937-2345 (Electronic)
0022-3395 (Linking)},
   DOI = {10.1645/16-148},
   url = {https://www.ncbi.nlm.nih.gov/pubmed/28604284},
   year = {2017},
   type = {Journal Article}
}

@article{moore1996,
   author = {Moore, J. and Gotelli, N. J.},
   title = {Evolutionary patterns of altered behavior and susceptibility in parasitized hosts},
   journal = {Evolution},
   volume = {50},
   number = {2},
   pages = {807-819},
   ISSN = {0014-3820},
   DOI = {10.2307/2410853},
   url = {<Go to ISI>://WOS:A1996UJ15600030},
   year = {1996},
   type = {Journal Article}
}

@article{morley2014,
   author = {Morley, Neil J. and Lewis, John W.},
   title = {Temperature stress and parasitism of endothermic hosts under climate change},
   journal = {Trends in Parasitology},
   volume = {30},
   number = {5},
   pages = {221-227},
    ISSN = {1471-4922},
   DOI = {https://doi.org/10.1016/j.pt.2014.01.007},
   url = {http://www.sciencedirect.com/science/article/pii/S1471492214000191},
   year = {2014},
   type = {Journal Article}
}

@article{mortensen1982,
   author = {Mortensen, E.},
   title = {Production of \emph{Gammarus pulex} {L}. ({A}mphipoda) in a small {D}anish stream},
   journal = {Hydrobiologia},
   volume = {87},
   number = {1},
   pages = {77-97},
   ISSN = {0018-8158},
   DOI = {10.1007/Bf00016664},
   url = {<Go to ISI>://WOS:A1982NB50600009},
   year = {1982},
   type = {Journal Article}
}

@article{nouquet2015,
   author = {Mouquet, Nicolas and Lagadeuc, Yvan and Devictor, Vincent and Doyen, Luc and Duputié, Anne and Eveillard, Damien and Faure, Denis and Garnier, Eric and Gimenez, Olivier and Huneman, Philippe and Jabot, Franck and Jarne, Philippe and Joly, Dominique and Julliard, Romain and Kéfi, Sonia and Kergoat, Gael J. and Lavorel, Sandra and Le Gall, Line and Meslin, Laurence and Morand, Serge and Morin, Xavier and Morlon, Hélène and Pinay, Gilles and Pradel, Roger and Schurr, Frank M. and Thuiller, Wilfried and Loreau, Michel},
   title = {Predictive ecology in a changing world},
   journal = {Journal of Applied Ecology},
   volume = {52},
   number = {5},
   pages = {1293-1310},
    DOI = {doi:10.1111/1365-2664.12482},
   url = {https://besjournals.onlinelibrary.wiley.com/doi/abs/10.1111/1365-2664.12482},
   year = {2015},
   type = {Journal Article}
}

@article{mouritsen1997,
   author = {Mouritsen, K. N. and Jensen, K. T.},
   title = {Parasite transmission between soft-bottom invertebrates: Temperature mediated infection rates and mortality in \emph{Corophium volutator}},
   journal = {Marine Ecology Progress Series},
   volume = {151},
   number = {1},
   pages = {123-134},
    ISSN = {0171-8630},
   DOI = {DOI 10.3354/meps151123},
   url = {<Go to ISI>://WOS:A1997XE68700013},
   year = {1997},
   type = {Journal Article}
}

@article{mouritsen2005,
   author = {Mouritsen, K. N. and Poulin, Robert},
   title = {Parasites boost biodiversity and change animal community structure by trait-mediated indirect effects},
   journal = {Oikos},
   volume = {108},
   number = {2},
   pages = {344-350},
   ISSN = {00301299, 16000706},
   url = {http://www.jstor.org/stable/3548451},
   year = {2005},
   type = {Journal Article}
}

@article{mrowicki2016,
   author = {Mrowicki, Robert J. and O'Connor, Nessa E. and Donohue, Ian},
   title = {Temporal variability of a single population can determine the vulnerability of communities to perturbations},
   journal = {Journal of Ecology},
   volume = {104},
   number = {3},
   pages = {887-897},
   ISSN = {00220477},
   DOI = {10.1111/1365-2745.12533},
   year = {2016},
   type = {Journal Article}
}

@article{nilsson1974,
   author = {Nilsson, Lars M},
   title = {Energy budget of a laboratory population of \emph{Gammarus pulex} ({A}mphipoda)},
   journal = {Oikos},
   volume = {25},
   number = {1},
   pages = {35-42},
   ISSN = {0030-1299},
   DOI = {10.2307/3543543},
   year = {1974},
   type = {Journal Article}
}

@article{ogorman2017,
   author = {O’Gorman, Eoin J. and Zhao, Lei and Pichler, Doris E. and Adams, Georgina and Friberg, Nikolai and Rall, Björn C and Seeney, Alex and Zhang, Huayong and Reuman, Daniel C. and Woodward, Guy},
   title = {Unexpected changes in community size structure in a natural warming experiment},
   journal = {Nature Climate Change},
   volume = {7},
   pages = {659–663},
   DOI = {10.1038/nclimate3368
https://www.nature.com/articles/nclimate3368#supplementary-information},
   url = {http://dx.doi.org/10.1038/nclimate3368},
   year = {2017},
   type = {Journal Article}
}

@article{oconnor2009,
   author = {O'Connor, Mary I. and Piehler, Michael F. and Leech, Dina M. and Anton, Andrea and Bruno, John F.},
   title = {Warming and resource availability shift food web structure and  metabolism},
   journal = {PLoS Biology},
   volume = {7},
   number = {8},
   pages = {e1000178},
    DOI = {10.1371/journal.pbio.1000178},
   url = {https://doi.org/10.1371/journal.pbio.1000178},
   year = {2009},
   type = {Journal Article}
}

@article{ogorman2014,
   author = {O'Gorman, E. J. and Benstead, J. P. and Cross, W. F. and Friberg, N. and Hood, J. M. and Johnson, P. W. and Sigurdsson, B. D. and Woodward, G.},
   title = {Climate change and geothermal ecosystems: natural laboratories, sentinel systems, and future refugia},
   journal = {Global Change Biology},
   volume = {20},
   number = {11},
   pages = {3291-3299},
    ISSN = {1365-2486 (Electronic)
1354-1013 (Linking)},
   DOI = {10.1111/gcb.12602},
   url = {https://www.ncbi.nlm.nih.gov/pubmed/24729541},
   year = {2014},
   type = {Journal Article}
}

@article{ogorman2009,
   author = {O'Gorman, E. J. and Emmerson, M. C.},
   title = {Perturbations to trophic interactions and the stability of complex food webs},
   journal = {Proceedings of the National Academy of Sciences of the United States of America},
   volume = {106},
   number = {32},
   pages = {13393-13398},
     ISSN = {1091-6490 (Electronic)
0027-8424 (Linking)},
   DOI = {10.1073/pnas.0903682106},
   url = {https://www.ncbi.nlm.nih.gov/pubmed/19666606},
   year = {2009},
   type = {Journal Article}
}

@article{ogorman2016,
   author = {O'Gorman, Eoin J. and Ólafsson, Ólafur P. and Demars, Benoît O. L. and Friberg, Nikolai and Guðbergsson, Guðni and Hannesdóttir, Elísabet R. and Jackson, Michelle C. and Johansson, Liselotte S. and McLaughlin, Orla B. and Ólafsson, Jón S. and Woodward, Guy and Gíslason, Gísli M.},
   title = {Temperature effects on fish production across a natural thermal gradient},
   journal = {Global Change Biology},
   volume = {22},
   number = {9},
   pages = {3206-3220},
   DOI = {doi:10.1111/gcb.13233},
   url = {https://onlinelibrary.wiley.com/doi/abs/10.1111/gcb.13233},
   year = {2016},
   type = {Journal Article}
}

@article{ogorman2012,
   author = {O'Gorman, Eoin J. and Pichler, Doris E. and Adams, Georgina and Benstead, Jonathan P. and Cohen, Haley and Craig, Nicola and Cross, Wyatt F. and Demars, Benoît O. L. and Friberg, Nikolai and Gíslason, Gísli Már and Gudmundsdóttir, Rakel and Hawczak, Adrianna and Hood, James M. and Hudson, Lawrence N. and Johansson, Liselotte and Johansson, Magnus P. and Junker, James R. and Laurila, Anssi and Manson, J. Russell and Mavromati, Efpraxia and Nelson, Daniel and Ólafsson, Jón S. and Perkins, Daniel M. and Petchey, Owen L. and Plebani, Marco and Reuman, Daniel C. and Rall, Björn C. and Stewart, Rebecca and Thompson, Murray S. A. and Woodward, Guy},
   title = {Impacts of warming on the structure and functioning of aquatic communities},
   journal = {Advances in Ecological Research},
   volume = {47},
   pages = {81-176},
   ISSN = {00652504},
   DOI = {10.1016/b978-0-12-398315-2.00002-8},
   year = {2012},
   type = {Journal Article}
}

@article{ohlund2015,
   author = {Ohlund, G. and Hedstrom, P. and Norman, S. and Hein, C. L. and Englund, G.},
   title = {Temperature dependence of predation depends on the relative performance of predators and prey},
   journal = {Proceedings of the Royal Society B: Biological Sciences},
   volume = {282},
   number = {1799},
   pages = {20142254},
   ISSN = {1471-2954 (Electronic)
0962-8452 (Linking)},
   DOI = {10.1098/rspb.2014.2254},
   url = {https://www.ncbi.nlm.nih.gov/pubmed/25473013},
   year = {2015},
   type = {Journal Article}
}

@article{omahony2004,
   author = {O'Mahony, E. M. and Bradley, D. G. and Kennedy, C. R. and Holland, C. V.},
   title = {Evidence for the hypothesis of strain formation in \emph{Pomphorhynchus laevis} ({A}canthocephala): an investigation using mitochondrial {DNA} sequences},
   journal = {Parasitology},
   volume = {129},
   pages = {341-347},
   ISSN = {0031-1820},
   DOI = {Doi 10.1017/S0031182004005748},
   url = {<Go to ISI>://WOS:000224105600009},
   year = {2004},
   type = {Journal Article}
}

@article{ouellette2004,
   author = {Ouellette, Daniel and Desrosiers Gaston and Gagne, Jean-Pierre and Gilbert, Franck and Poggiale, Jean-Christophe and Blier, Pierre U. and Stora, Georges},
   title = {Effects of temperature on \emph{in vitro} sediment reworking processes by a gallery biodiffusor, the polychaete \emph{Neanthes virens}},
   journal = {Marine Ecology Progress Series},
   volume = {266},
   pages = {185-193},
     url = {https://www.int-res.com/abstracts/meps/v266/p185-193/},
   year = {2004},
   type = {Journal Article}
}

@article{paterson2014,
   author = {Paterson, R. A. and Dick, J. T. and Pritchard, D. W. and Ennis, M. and Hatcher, M. J. and Dunn, A. M.},
   title = {Predicting invasive species impacts: a community module functional response approach reveals context dependencies},
   journal = {Journal of Animal Ecology},
  volume = {84},
   pages = {453-463},
    ISSN = {1365-2656 (Electronic)
0021-8790 (Linking)},
   DOI = {10.1111/1365-2656.12292},
   url = {http://www.ncbi.nlm.nih.gov/pubmed/25265905},
   year = {2014},
   type = {Journal Article}
}

@article{pawar2016,
   author = {Pawar, Samraat and Dell, Anthony I. and Savage, Van M. and Knies, Jennifer L.},
   title = {Real versus artificial variation in the thermal sensitivity of biological traits},
   journal = {The American Naturalist},
   volume = {187},
   number = {2},
   pages = {E41-E52},
    DOI = {10.1086/684590},
   url = {https://www.journals.uchicago.edu/doi/abs/10.1086/684590},
   year = {2016},
   type = {Journal Article}
}

@article{pellan2016,
   author = {Pellan, Laura and Médoc, Vincent and Renault, David and Spataro, Thierry and Piscart, Christophe},
   title = {Feeding choice and predation pressure of two invasive gammarids, \emph{Gammarus tigrinus} and \emph{Dikerogammarus villosus}, under increasing temperature},
   journal = {Hydrobiologia},
   volume = {781},
   number = {1},
   pages = {43-54},
    ISSN = {1573-5117},
   DOI = {10.1007/s10750-015-2312-3},
   url = {https://doi.org/10.1007/s10750-015-2312-3},
   year = {2016},
   type = {Journal Article}
}

@article{penk2016,
   author = {Penk, M. R. and Jeschke, J. M. and Minchin, D. and Donohue, I.},
   title = {Warming can enhance invasion success through asymmetries in energetic performance},
   journal = {Journal of Animal Ecology},
   volume = {85},
   number = {2},
   pages = {419-426},
    ISSN = {1365-2656 (Electronic)
0021-8790 (Linking)},
   DOI = {10.1111/1365-2656.12480},
   url = {https://www.ncbi.nlm.nih.gov/pubmed/26618450},
   year = {2016},
   type = {Journal Article}
}

@article{perrot2004,
   author = {Perrot-Minnot, M. J.},
   title = {Larval morphology, genetic divergence, and contrasting levels of host manipulation between forms of \emph{Pomphorhynchus laevis} ({A}canthocephala)},
   journal = {International Journal for Parasitology},
   volume = {34},
   number = {1},
   pages = {45-54},
   ISSN = {0020-7519},
   DOI = {DOI 10.1016/j.ipara.2003.10.005},
   url = {<Go to ISI>://WOS:000188377300006},
   year = {2004},
   type = {Journal Article}
}

@article{perrot2007,
   author = {Perrot-Minnot, M. J. and Kaldonski, N. and Cézilly, F.},
   title = {Increased susceptibility to predation and altered anti-predator behaviour in an acanthocephalan-infected amphipod},
   journal = {International Journal for Parasitology},
   volume = {37},
   number = {6},
   pages = {645-651},
   ISSN = {0020-7519 (Print)
0020-7519 (Linking)},
   DOI = {10.1016/j.ijpara.2006.12.005},
   url = {http://www.ncbi.nlm.nih.gov/pubmed/17258219},
   year = {2007},
   type = {Journal Article}
}

@article{perrot2012,
   author = {Perrot-Minnot, M. J. and Maddaleno, M. and Balourdet, A. and Cézilly, F.},
   title = {Host manipulation revisited: no evidence for a causal link between altered photophobia and increased trophic transmission of amphipods infected with acanthocephalans},
   journal = {Functional Ecology},
   volume = {26},
   number = {5},
   pages = {1007-1014},
   ISSN = {0269-8463},
   DOI = {10.1111/j.1365-2435.2012.02027.x},
   url = {<Go to ISI>://WOS:000309391500003},
   year = {2012},
   type = {Journal Article}
}

@article{perrot2016,
   author = {Perrot‐Minnot, M. J. and Maddaleno, Matthieu and Cézilly, Frank and Woods, Art},
   title = {Parasite‐induced inversion of geotaxis in a freshwater amphipod: a role for anaerobic metabolism?},
   journal = {Functional Ecology},
   volume = {30},
   number = {5},
   pages = {780-788},
   DOI = {doi:10.1111/1365-2435.12516},
   url = {https://besjournals.onlinelibrary.wiley.com/doi/abs/10.1111/1365-2435.12516},
   year = {2016},
   type = {Journal Article}
}

@article{perrot2014,
   author = {Perrot-Minnot, M. J. and Sanchez-Thirion, K. and Cézilly, F.},
   title = {Multidimensionality in host manipulation mimicked by serotonin injection},
   journal = {Philosophical Transactions of the Royal Society B: Biological Sciences.},
   volume = {281},
   number = {1796},
   pages = {20141915},
   ISSN = {1471-2954 (Electronic)
0962-8452 (Linking)},
   DOI = {10.1098/rspb.2014.1915},
   url = {http://www.ncbi.nlm.nih.gov/pubmed/25339729},
   year = {2014},
   type = {Journal Article}
}

@article{petchey2010,
   author = {Petchey, O. L. and Brose, U. and Rall, B. C.},
   title = {Predicting the effects of temperature on food web connectance},
   journal = {Philosophical Transactions of the Royal Society B: Biological Sciences},
   volume = {365},
   number = {1549},
   pages = {2081-2091},
    ISSN = {1471-2970 (Electronic)
0962-8436 (Linking)},
   DOI = {10.1098/rstb.2010.0011},
   url = {https://www.ncbi.nlm.nih.gov/pubmed/20513716},
   year = {2010},
   type = {Journal Article}
}

@article{petersen1974,
   author = {Petersen, R. C. and Cummins, K. W.},
   title = {Leaf processing in a woodland stream},
   journal = {Freshwater Biology},
   volume = {4},
   number = {4},
   pages = {343-368},
   DOI = {doi:10.1111/j.1365-2427.1974.tb00103.x},
   url = {https://onlinelibrary.wiley.com/doi/abs/10.1111/j.1365-2427.1974.tb00103.x},
   year = {1974},
   type = {Journal Article}
}

@article{pilfold2014,
   author = {Pilfold, Nicholas W. and Derocher, Andrew E. and Richardson, Evan},
   title = {Influence of intraspecific competition on the distribution of a wide-ranging, non-territorial carnivore},
   journal = {Global Ecology and Biogeography},
   volume = {23},
   number = {4},
   pages = {425-435},
   DOI = {doi:10.1111/geb.12112},
   url = {https://onlinelibrary.wiley.com/doi/abs/10.1111/geb.12112},
   year = {2014},
   type = {Journal Article}
}

@article{pimm1984,
   author = {Pimm, Stuart L.},
   title = {The complexity and stability of ecosystems},
   journal = {Nature},
   volume = {307},
   pages = {321-326},
   DOI = {10.1038/307321a0},
   url = {http://dx.doi.org/10.1038/307321a0},
   year = {1984},
   type = {Journal Article}
}

@article{piscart2011,
   author = {Piscart, Christophe and Mermillod-Blondin, Florian and Maazouzi, Chafik and Merigoux, Sylvie and Marmonier, Pierre},
   title = {Potential impact of invasive amphipods on leaf litter recycling in aquatic ecosystems},
   journal = {Biological Invasions},
   volume = {13},
   number = {12},
   pages = {2861-2868},
   ISSN = {1387-3547
1573-1464},
   DOI = {10.1007/s10530-011-9969-y},
   year = {2011},
   type = {Journal Article}
}

@article{piscart2007,
   author = {Piscart, C. and Webb, D. and Beisel, J. N.},
   title = {An acanthocephalan parasite increases the salinity tolerance of the freshwater amphipod \emph{Gammarus roeseli} ({C}rustacea: {G}ammaridae)},
   journal = {Naturwissenschaften},
   volume = {94},
   number = {9},
   pages = {741-747},
   ISSN = {0028-1042 (Print)
0028-1042 (Linking)},
   DOI = {10.1007/s00114-007-0252-0},
   url = {https://www.ncbi.nlm.nih.gov/pubmed/17487466},
   year = {2007},
   type = {Journal Article}
}

@article{post2008,
   author = {Post, E. and Pedersen, C.},
   title = {Opposing plant community responses to warming with and without herbivores},
   journal = {Proceedings of the National Academy of Sciences of the United States of America},
   volume = {105},
   number = {34},
   pages = {12353-12358},
      ISSN = {1091-6490 (Electronic)
0027-8424 (Linking)},
   DOI = {10.1073/pnas.0802421105},
   url = {https://www.ncbi.nlm.nih.gov/pubmed/18719116},
   year = {2008},
   type = {Journal Article}
}

@article{poulin1995,
   author = {Poulin, R.},
   title = {"{A}daptive" changes in the behaviour of parasitized animals: A critical review},
   journal = {International Journal for Parasitology},
   volume = {25},
   number = {12},
   pages = {1371-1383},
   ISSN = {0020-7519},
   DOI = {https://doi.org/10.1016/0020-7519(95)00100-X},
   url = {http://www.sciencedirect.com/science/article/pii/002075199500100X},
   year = {1995},
   type = {Journal Article}
}

@article{poulin2006,
   author = {Poulin, R.},
   title = {Global warming and temperature-mediated increases in cercarial emergence in trematode parasites},
   journal = {Parasitology},
   volume = {132},
   number = {1},
   pages = {143-151},
   ISSN = {0031-1820 (Print)
0031-1820 (Linking)},
   DOI = {10.1017/S0031182005008693},
   url = {http://www.ncbi.nlm.nih.gov/pubmed/16393363},
   year = {2006},
   type = {Journal Article}
}

@article{poulin2013,
   author = {Poulin, R.},
   title = {Parasite manipulation of host personality and behavioural syndromes},
   journal = {Journal of Experimental Biology},
   volume = {216},
   number = {1},
   pages = {18-26},
    ISSN = {1477-9145 (Electronic)
0022-0949 (Linking)},
   DOI = {10.1242/jeb.073353},
   url = {http://www.ncbi.nlm.nih.gov/pubmed/23225863},
   year = {2013},
   type = {Journal Article}
}

@article{poulin2018best,
   author = {Poulin, R.},
   title = {Best practice guidelines for studies of parasite community ecology},
   journal = {Journal of Helminthology},
   pages = {1-4},
   ISSN = {1475-2697 (Electronic)
0022-149X (Linking)},
   DOI = {10.1017/S0022149X18000767},
   url = {https://www.ncbi.nlm.nih.gov/pubmed/30141383},
   year = {2018},
   type = {Journal Article}
}

@article{poulin2018the,
   author = {Poulin, R. and Jorge, F.},
   title = {The geography of parasite discovery across taxa and over time},
   journal = {Parasitology},
   pages = {1-8},
   ISSN = {1469-8161 (Electronic)
0031-1820 (Linking)},
   DOI = {10.1017/S003118201800118X},
   url = {https://www.ncbi.nlm.nih.gov/pubmed/30012225},
   year = {2018},
   type = {Journal Article}
}

@article{preston2013,
   author = {Preston, D. L. and Orlofske, S. A. and Lambden, J. P. and Johnson, P. T.},
   title = {Biomass and productivity of trematode parasites in pond ecosystems},
   journal = {Journal of Animal Ecology},
   volume = {82},
   number = {3},
   pages = {509-517},
   ISSN = {1365-2656 (Electronic)
0021-8790 (Linking)},
   DOI = {10.1111/1365-2656.12030},
   url = {https://www.ncbi.nlm.nih.gov/pubmed/23488451},
   year = {2013},
   type = {Journal Article}
}

@misc{r2017,
   author = {{R Core Team}},
   title = {R: A language and environment for statistical computing},
   publisher = {R Foundation for Statistical Computing},
   url = { https://www.R-project.org/},
   year = {2017},
   type = {Computer Program}
}

@article{rall2012,
   author = {Rall, B. C. and Brose, U. and Hartvig, M. and Kalinkat, G. and Schwarzmuller, F. and Vucic-Pestic, O. and Petchey, O. L.},
   title = {Universal temperature and body-mass scaling of feeding rates},
   journal = {Philosophical transactions of the Royal Society of London Series B: Biological sciences},
   volume = {367},
   number = {1605},
   pages = {2923-2934},
    ISSN = {1471-2970 (Electronic)
0962-8436 (Linking)},
   DOI = {10.1098/rstb.2012.0242},
   url = {https://www.ncbi.nlm.nih.gov/pubmed/23007080},
   year = {2012},
   type = {Journal Article}
}

@article{rall2010,
   author = {Rall, B. C. and Vucic-Pestic, O. and Ehnes, R B. and Emmerson, M. and Brose, U.},
   title = {Temperature, predator–prey interaction strength and population stability},
   journal = {Global Change Biology},
   volume = {16},
   number = {8},
   pages = {2145-2157},
   DOI = {doi:10.1111/j.1365-2486.2009.02124.x},
   url = {https://onlinelibrary.wiley.com/doi/abs/10.1111/j.1365-2486.2009.02124.x},
   year = {2010},
   type = {Journal Article}
}

@article{raptis2016,
   author = {Raptis, C. E. and van Vliet, M. T. H. and Pfister, S.},
   title = {Global thermal pollution of rivers from thermoelectric power plants},
   journal = {Environmental Research Letters},
   volume = {11},
   number = {10},
   pages = {104011},
   ISSN = {1748-9326},
   DOI = {10.1088/1748-9326/11/10/104011},
   year = {2016},
   type = {Journal Article}
}

@article{reid1938,
   author = {Reid, Douglas M.},
   title = {Forms of \emph{Gammarus} from {I}reland},
   journal = {Nature},
   volume = {141},
   pages = {690},
   DOI = {10.1038/141690a0},
   url = {http://dx.doi.org/10.1038/141690a0},
   year = {1938},
   type = {Journal Article}
}

@article{reisinger2016,
   author = {Reisinger, Lindsey S. and Lodge, David M.},
   title = {Parasites alter freshwater communities in mesocosms by modifying invasive crayfish behavior},
   journal = {Ecology},
   volume = {97},
   number = {6},
   pages = {1497-1506},
    DOI = {doi:10.1890/15-1634.1},
   url = {https://esajournals.onlinelibrary.wiley.com/doi/abs/10.1890/15-1634.1},
   year = {2016},
   type = {Journal Article}
}

@article{reisinger2015,
   author = {Reisinger, Lindsey S. and Petersen, Iris and Hing, Jing Sheng and Davila, Ryan L. and Lodge, David M.},
   title = {Infection with a trematode parasite differentially alters competitive interactions and antipredator behaviour in native and invasive crayfish},
   journal = {Freshwater Biology},
   volume = {60},
   number = {8},
   pages = {1581-1595},
   ISSN = {00465070},
   DOI = {10.1111/fwb.12590},
   year = {2015},
   type = {Journal Article}
}

@article{reuman2014,
   author = {Reuman, D. C. and Holt, R. D. and Yvon-Durocher, G.},
   title = {A metabolic perspective on competition and body size reductions with warming},
   journal = {Journal of Animal Ecology},
   volume = {83},
   number = {1},
   pages = {59-69},
   ISSN = {1365-2656 (Electronic)
0021-8790 (Linking)},
   DOI = {10.1111/1365-2656.12064},
   url = {https://www.ncbi.nlm.nih.gov/pubmed/23521010},
   year = {2014},
   type = {Journal Article}
}

@article{rigaud2003,
   author = {Rigaud, T. and Moret, Y.},
   title = {Differential phenoloxidase activity between native and invasive gammarids infected by local acanthocephalans: differential immunosuppression?},
   journal = {Parasitology},
   volume = {127},
   pages = {571-577},
   ISSN = {0031-1820},
   DOI = {Doi 10.1017/S0031182003004050},
   url = {<Go to ISI>://WOS:000188046300008},
   year = {2003},
   type = {Journal Article}
}

@article{rohr2011,
   author = {Rohr, J. R. and Dobson, A. P. and Johnson, P. T. and Kilpatrick, A. M. and Paull, S. H. and Raffel, T. R. and Ruiz-Moreno, D. and Thomas, M. B.},
   title = {Frontiers in climate change-disease research},
   journal = {Trends in Ecology and Evolution },
   volume = {26},
   number = {6},
   pages = {270-277},
    ISSN = {1872-8383 (Electronic)
0169-5347 (Linking)},
   DOI = {10.1016/j.tree.2011.03.002},
   url = {https://www.ncbi.nlm.nih.gov/pubmed/21481487},
   year = {2011},
   type = {Journal Article}
}

@article{rota2018,
   author = {Rota, Thibaut and Jabiol, Jérémy and Chauvet, Eric and Lecerf, Antoine},
   title = {Phenotypic determinants of inter-individual variability of litter consumption rate in a detritivore population},
   journal = {Oikos},
   ISSN = {00301299},
   DOI = {10.1111/oik.05228},
   year = {2018},
   type = {Journal Article}
}

@article{rumpus1974,
   author = {Rumpus, A. E. and Kennedy, C. R.},
   title = {The effect of the acanthocephalan \emph{Pomphorhynchus laevis} upon the respiration of its intermediate host, \emph{Gammarus pulex}},
   journal = {Parasitology},
   volume = {68},
   number = {2},
   pages={271-284},
   DOI = {10.1017/s0031182000045789},
   url = {http://dx.doi.org/10.1017/S0031182000045789},
   year = {1974},
   type = {Journal Article}
}

@article{sanford1999,
   author = {Sanford, E.},
   title = {Regulation of keystone predation by small changes in ocean temperature},
   journal = {Science},
   volume = {283},
   number = {5410},
   pages = {2095-2097},
   ISSN = {1095-9203 (Electronic)
0036-8075 (Linking)},
   DOI = {10.1126/science.283.5410.2095},
   url = {https://www.ncbi.nlm.nih.gov/pubmed/10092235},
   year = {1999},
   type = {Journal Article}
}

@article{saterberg2013,
   author = {Säterberg, T. and Sellman, S. and Ebenman, B.},
   title = {High frequency of functional extinctions in ecological networks},
   journal = {Nature},
   volume = {499},
   number = {7459},
   pages = {468-470},
    ISSN = {1476-4687 (Electronic)
0028-0836 (Linking)},
   DOI = {10.1038/nature12277},
   url = {https://www.ncbi.nlm.nih.gov/pubmed/23831648},
   year = {2013},
   type = {Journal Article}
}

@article{sato2012,
   author = {Sato, T. and Egusa, T. and Fukushima, K. and Oda, T. and Ohte, N. and Tokuchi, N. and Watanabe, K. and Kanaiwa, M. and Murakami, I. and Lafferty, K. D.},
   title = {Nematomorph parasites indirectly alter the food web and ecosystem function of streams through behavioural manipulation of their cricket hosts},
   journal = {Ecology Letters},
   volume = {15},
   number = {8},
   pages = {786-793},
     ISSN = {1461-0248 (Electronic)
1461-023X (Linking)},
   DOI = {10.1111/j.1461-0248.2012.01798.x},
   url = {https://www.ncbi.nlm.nih.gov/pubmed/22583960},
   year = {2012},
   type = {Journal Article}
}

@article{sato2011,
   author = {Sato, T. and Watanabe, K. and Kanaiwa, M. and Niizuma, Y. and Harada, Y. and Lafferty, K. D.},
   title = {Nematomorph parasites drive energy flow through a riparian ecosystem},
   journal = {Ecology},
   volume = {92},
   number = {1},
   pages = {201-207},
   ISSN = {0012-9658},
   DOI = {Doi 10.1890/09-1565.1},
   url = {<Go to ISI>://WOS:000289552200022},
   year = {2011},
   type = {Journal Article}
}

@article{savage2004,
   author = {Savage, Van M.  and Gillooly, James F and Brown, James H.  and West, Geoffrey B.  and Charnov, Eric L. },
   title = {Effects of body size and temperature on population growth},
   journal = {The American Naturalist},
   volume = {163},
   number = {3},
   pages = {429-441},
   DOI = {10.1086/381872},
   url = {https://www.journals.uchicago.edu/doi/abs/10.1086/381872},
   year = {2004},
   type = {Journal Article}
}

@article{schmidlin2015,
   author = {Schmidlin, Lara and von Fumetti, Stefanie and Nagel, Peter},
   title = {Temperature effects on the feeding and electron transport system ({ETS}) activity of \emph{Gammarus fossarum}},
   journal = {Aquatic Ecology},
   volume = {49},
   number = {1},
   pages = {71-80},
   ISSN = {1386-2588
1573-5125},
   DOI = {10.1007/s10452-015-9505-8},
   year = {2015},
   type = {Journal Article}
}

@article{schmitz1997,
   author = {Schmitz, Oswald J. and Beckerman, Andrew P. and O'Brien, Kathleen M.},
   title = {Behaviorally mediated trophic cascades: effects of predation risk on food web interactions},
   journal = {Ecology},
   volume = {78},
   number = {5},
   pages = {1388-1399},
     ISSN = {00129658, 19399170},
   DOI = {10.2307/2266134},
   url = {http://www.jstor.org/stable/2266134},
   year = {1997},
   type = {Journal Article}
}

@article{scott1984,
   author = {Scott, M.E.  and Nokes, D. J.},
   title = {Temperature-dependent reproduction and survival of \emph{Gyrodactylus bullatarudis} ({M}onogenea) on guppies (\emph{Poecilia reticulata})},
   journal = {Parasitology},
   volume = {89},
   number = {2},
   pages = {221-228},
    ISSN = {1469-8161},
   DOI = {doi:10.1017/S0031182000001256},
   url = {http://dx.doi.org/10.1017/S0031182000001256
http://journals.cambridge.org/action/displayAbstract?fromPage=online&aid=1374112&fileId=S0031182000001256},
   year = {1984},
   type = {Journal Article}
}

@article{sentis2013,
   author = {Sentis, A. and Hemptinne, J.-L. and Brodeur, J.},
   title = {Parsing handling time into its components: implications for responses to a temperature gradient},
   journal = {Ecology},
   volume = {94},
   number = {8},
   pages = {1675-1680},
   DOI = {doi:10.1890/12-2107.1},
   url = {https://esajournals.onlinelibrary.wiley.com/doi/abs/10.1890/12-2107.1},
   year = {2013},
   type = {Journal Article}
}

@article{sentis2015,
   author = {Sentis, A. and Morisson, J. and Boukal, D. S.},
   title = {Thermal acclimation modulates the impacts of temperature and enrichment on trophic interaction strengths and population dynamics},
   journal = {Global Change Biology},
   volume = {21},
   number = {9},
   pages = {3290-3298},
     ISSN = {1365-2486 (Electronic)
1354-1013 (Linking)},
   DOI = {10.1111/gcb.12931},
   url = {https://www.ncbi.nlm.nih.gov/pubmed/25808556},
   year = {2015},
   type = {Journal Article}
}

@article{sexton1928,
   author = {Sexton, E. W. },
   title = {On the rearing and breeding of \emph{Gammarus} in laboratory conditions},
   journal = {Journal of the Marine Biological Association of the United Kingdom},
   volume = {15},
   number = {1},
   pages = {33-55},
   DOI = {http://dx.doi.org/10.1017/S0025315400055521},
   year = {1928},
   type = {Journal Article}
}

@article{shaver2000,
   author = {Shaver, Gaius R. and Canadell, Josep and Chapin, F. S. and Gurevitch, Jessica and Harte, John and Henry, Greg and Ineson, Phil and Jonasson, Sven and Melillo, Jerry and Pitelka, Louis and Rustad, Llindsey},
   title = {Global warming and terrestrial ecosystems: a conceptual framework for analysis},
   journal = {BioScience},
   volume = {50},
   number = {10},
   pages = {871-882},
   ISSN = {0006-3568},
   DOI = {10.1641/0006-3568},
   year = {2000},
   type = {Journal Article}
}

@article{sheath2018,
   author = {Sheath, D. J. and Dick, J. T. A. and Dickey, J. W. E. and Guo, Z. and Andreou, D. and Britton, J. R.},
   title = {Winning the arms race: host-parasite shared evolutionary history reduces infection risks in fish final hosts},
   journal = {Biology Letters},
   volume = {14},
   number = {7},
   pages={20180363},
    ISSN = {1744-957X (Electronic)
1744-9561 (Linking)},
   DOI = {10.1098/rsbl.2018.0363},
   url = {https://www.ncbi.nlm.nih.gov/pubmed/30045905},
   year = {2018},
   type = {Journal Article}
}

@article{stenseth2015,
   author = {Stenseth, N. C. and Durant, J. M. and Fowler, M. S. and Matthysen, E. and Adriaensen, F. and Jonzen, N. and Chan, K. S. and Liu, H. and De Laet, J. and Sheldon, B. C. and Visser, M. E. and Dhondt, A. A.},
   title = {Testing for effects of climate change on competitive relationships and coexistence between two bird species},
   journal = {Proceedings of the Royal Society B: Biological Sciences},
   volume = {282},
   number = {1807},
   pages = {20141958},
    ISSN = {1471-2954 (Electronic)
0962-8452 (Linking)},
   DOI = {10.1098/rspb.2014.1958},
   url = {https://www.ncbi.nlm.nih.gov/pubmed/25904659},
   year = {2015},
   type = {Journal Article}
}

@article{strepparava2017,
   author = {Strepparava, N. and Segner, H. and Ros, A. and Hartikainen, H. and Schmidt-Posthaus, H. and Wahli, T.},
   title = {Temperature-related parasite infection dynamics: the case of proliferative kidney disease of brown trout},
   journal = {Parasitology},
   pages = {1-11},
   ISSN = {1469-8161 (Electronic)
0031-1820 (Linking)},
   DOI = {10.1017/S0031182017001482},
   url = {https://www.ncbi.nlm.nih.gov/pubmed/28831940},
   year = {2017},
   type = {Journal Article}
}

@article{studer2010,
   author = {Studer, A. and Thieltges, D. W. and Poulin, R.},
   title = {Parasites and global warming: net effects of temperature on an intertidal host–parasite system},
   journal = {Marine Ecology Progress Series},
   volume = {415},
   pages = {11-22},
   ISSN = {0171-8630
1616-1599},
   DOI = {10.3354/meps08742},
   year = {2010},
   type = {Journal Article}
}

@article{sukhdeo2012,
   author = {Sukhdeo, M. V.},
   title = {Where are the parasites in food webs?},
   journal = {Parasites and Vectors},
   volume = {5},
   pages = {239},
     ISSN = {1756-3305 (Electronic)
1756-3305 (Linking)},
   DOI = {10.1186/1756-3305-5-239},
   url = {http://www.ncbi.nlm.nih.gov/pubmed/23092160},
   year = {2012},
   type = {Journal Article}
}

@article{suraci2016,
   author = {Suraci, J. P. and Clinchy, M. and Dill, L. M. and Roberts, D. and Zanette, L. Y.},
   title = {Fear of large carnivores causes a trophic cascade},
   journal = {Nature Communications},
   volume = {7},
   pages = {10698},
    ISSN = {2041-1723 (Electronic)
2041-1723 (Linking)},
   DOI = {10.1038/ncomms10698},
   url = {https://www.ncbi.nlm.nih.gov/pubmed/26906881},
   year = {2016},
   type = {Journal Article}
}

@article{sutcliffe2000,
   author = {Sutcliffe, D.},
   title = {Subspecies, morphs and clines in the amphipod \emph{Gammarus duebeni} from fresh and saline waters},
   journal = {Freshwater Forum},
   volume = {13},
   number = {1},
   pages = {60-75},
   ISSN = {0961-4664},
   year = {2000},
   type = {Journal Article}
}

@article{thomas2004,
   author = {Thomas, Chris D. and Cameron, Alison and Green, Rhys E. and Bakkenes, Michel and Beaumont, Linda J. and Collingham, Yvonne C. and Erasmus, Barend F. N. and de Siqueira, Marinez Ferreira and Grainger, Alan and Hannah, Lee and Hughes, Lesley and Huntley, Brian and van Jaarsveld, Albert S. and Midgley, Guy F. and Miles, Lera and Ortega-Huerta, Miguel A. and Townsend Peterson, A. and Phillips, Oliver L. and Williams, Stephen E.},
   title = {Extinction risk from climate change},
   journal = {Nature},
   volume = {427},
   pages = {145-148},
   DOI = {10.1038/nature02121
https://www.nature.com/articles/nature02121#supplementary-information},
   url = {http://dx.doi.org/10.1038/nature02121},
   year = {2004},
   type = {Journal Article}
}

@article{thomas2010,
   author = {Thomas, F. and Poulin, R. and Brodeur, J.},
   title = {Host manipulation by parasites: a multidimensional phenomenon},
   journal = {Oikos},
   volume = {119},
   number = {8},
   pages = {1217-1223},
  ISSN = {0030-1299},
   DOI = {DOI 10.1111/j.1600-0706.2009.18077.x},
   url = {<Go to ISI>://WOS:000280356200001},
   year = {2010},
   type = {Journal Article}
}

@article{thomas2002,
   author = {Thomas, F. and Schmidt‐Rhaesa, A. and Martin, G. and Manu, C. and Durand, P. and Renaud, F.},
   title = {Do hairworms ({N}ematomorpha) manipulate the water seeking behaviour of their terrestrial hosts?},
   journal = {Journal of Evolutionary Biology},
   volume = {15},
   number = {3},
   pages = {356-361},
    DOI = {doi:10.1046/j.1420-9101.2002.00410.x},
   url = {https://onlinelibrary.wiley.com/doi/abs/10.1046/j.1420-9101.2002.00410.x},
   year = {2002},
   type = {Journal Article}
}

@article{tierney1993,
   author = {Tierney, Jayne F. and Huntingford, Felicity A. and Crompton, David W. T.},
   title = {The relationship between infectivity of \emph{Schistocephalus solidus} ({C}estoda) and anti-predator behaviour of its intermediate host, the three-spined stickleback, \emph{Gasterosteus aculeatus}},
   journal = {Animal Behaviour},
   volume = {46},
   number = {3},
   pages = {603-605},
   ISSN = {0003-3472},
   DOI = {10.1006/anbe.1993.1229},
   url = {http://www.sciencedirect.com/science/article/pii/S0003347283712297},
   year = {1993},
   type = {Journal Article}
}

@article{tokeson1982,
   author = {Tokeson, J. P. E. and Holmes, J. C.},
   title = {The effects of temperature and oxygen on the development of \emph{Polymorphus marilis} ({A}canthocephala) in \emph{Gammarus lacustris} ({A}mphipoda)},
   journal = {Journal of Parasitology},
   volume = {68},
   number = {1},
   pages = {112-119},
   ISSN = {0022-3395},
   DOI = {Doi 10.2307/3281332},
   url = {<Go to ISI>://WOS:A1982NS81200011},
   year = {1982},
   type = {Journal Article}
}

@article{tonin2018,
   author = {Tonin, Alan M. and Pozo, Jesús and Monroy, Silvia and Basaguren, Ana and Pérez, Javier and Gonçalves, José F. and Pearson, Richard and Cardinale, Bradley J. and Boyero, Luz},
   title = {Interactions between large and small detritivores influence how biodiversity impacts litter decomposition},
   journal = {Journal of Animal Ecology},
   volume = {87},
   number = {5},
   pages = {1465-1474},
   DOI = {doi:10.1111/1365-2656.12876},
   url = {https://besjournals.onlinelibrary.wiley.com/doi/abs/10.1111/1365-2656.12876},
   year = {2018},
   type = {Journal Article}
}

@article{torchin2004,
   author = {Torchin, M. E. and Mitchell, C. E.},
   title = {Parasites, pathogens, and invasions by plants and animals},
   journal = {Frontiers in Ecology and the Environment},
   volume = {2},
   number = {4},
   pages = {183-190},
    ISSN = {1540-9295},
   DOI = {10.1890/1540-9295(2004)002[0183:PPAIBP]2.0.CO;2},
   url = {<Go to ISI>://WOS:000223960600014},
   year = {2004},
   type = {Journal Article}
}

@article{toscano2014,
   author = {Toscano, B. J. and Newsome, B. and Griffen, B. D.},
   title = {Parasite modification of predator functional response},
   journal = {Oecologia},
   volume = {175},
   number = {1},
   pages = {345-352},
    ISSN = {1432-1939 (Electronic)
0029-8549 (Linking)},
   DOI = {10.1007/s00442-014-2905-y},
   url = {http://www.ncbi.nlm.nih.gov/pubmed/24566639},
   year = {2014},
   type = {Journal Article}
}

@article{traill2010,
   author = {Traill, L. W. and Lim, M. L. and Sodhi, N. S. and Bradshaw, C. J.},
   title = {Mechanisms driving change: altered species interactions and ecosystem function through global warming},
   journal = {Journal of Animal Ecology},
   volume = {79},
   number = {5},
   pages = {937-947},
    ISSN = {1365-2656 (Electronic)
0021-8790 (Linking)},
   DOI = {10.1111/j.1365-2656.2010.01695.x},
   url = {https://www.ncbi.nlm.nih.gov/pubmed/20487086},
   year = {2010},
   type = {Journal Article}
}

@article{ullah2018,
   author = {Ullah, H. and Nagelkerken, I. and Goldenberg, S. U. and Fordham, D. A.},
   title = {Climate change could drive marine food web collapse through altered trophic flows and cyanobacterial proliferation},
   journal = {PLoS Biology},
   volume = {16},
   number = {1},
   pages = {e2003446},
   ISSN = {1545-7885 (Electronic)
1544-9173 (Linking)},
   DOI = {10.1371/journal.pbio.2003446},
   url = {https://www.ncbi.nlm.nih.gov/pubmed/29315309},
   year = {2018},
   type = {Journal Article}
}

@article{uszko2017,
   author = {Uszko, W. and Diehl, S. and Englund, G. and Amarasekare, P.},
   title = {Effects of warming on predator-prey interactions - a resource-based approach and a theoretical synthesis},
   journal = {Ecology Letters},
   volume = {20},
   number = {4},
   pages = {513-523},
    ISSN = {1461-0248 (Electronic)
1461-023X (Linking)},
   DOI = {10.1111/ele.12755},
   url = {https://www.ncbi.nlm.nih.gov/pubmed/28266168},
   year = {2017},
   type = {Journal Article}
}

@article{vadher2015,
   author = {Vadher, Atish N. and Stubbington, Rachel and Wood, Paul J.},
   title = {Fine sediment reduces vertical migrations of \emph{Gammarus pulex} ({C}rustacea: {A}mphipoda) in response to surface water loss},
   journal = {Hydrobiologia},
   volume = {753},
   number = {1},
   pages = {61-71},
   ISSN = {0018-8158
1573-5117},
   DOI = {10.1007/s10750-015-2193-5},
   year = {2015},
   type = {Journal Article}
}

@article{vanveen2008,
   author = {Van Veen, F. J. and Muller, C. B. and Pell, J. K. and Godfray, H. C.},
   title = {Food web structure of three guilds of natural enemies: predators, parasitoids and pathogens of aphids},
   journal = {Journal of Animal Ecology},
   volume = {77},
   number = {1},
   pages = {191-200},
   ISSN = {1365-2656 (Electronic)
0021-8790 (Linking)},
   DOI = {10.1111/j.1365-2656.2007.01325.x},
   url = {https://www.ncbi.nlm.nih.gov/pubmed/17986208},
   year = {2008},
   type = {Journal Article}
}

@article{vancleave1951,
   author = {VanCleave, H.J.  and Rausch, Robert L},
   title = {The acanthocephalan parasites of eider ducks},
   journal = {Nature},
 volume = {192},
   pages = {185-186},
   year = {1951},
   type = {Journal Article}
}

@article{vandervorste2017,
   author = {Vander Vorste, R. and Mermillod-Blondin, F. and Hervant, F. and Mons, R. and Datry, T.},
   title = {\emph{Gammarus pulex} ({C}rustacea: {A}mphipoda) avoids increasing water temperature and intraspecific competition through vertical migration into the hyporheic zone: a mesocosm experiment},
   journal = {Aquatic Sciences},
   volume = {79},
   pages = {45-55},
    ISSN = {1420-9055},
   DOI = {10.1007/s00027-016-0478-z},
   url = {http://dx.doi.org/10.1007/s00027-016-0478-z},
   year = {2017},
   type = {Journal Article}
}

@article{vannatta2018,
   author = {Vannatta, J. T. and Minchella, D. J.},
   title = {Parasites and their impact on ecosystem nutrient cycling},
   journal = {Trends in Parasitology},
   volume = {34},
   number = {6},
   pages = {452-455},
    ISSN = {1471-5007 (Electronic)
1471-4922 (Linking)},
   DOI = {10.1016/j.pt.2018.02.007},
   url = {https://www.ncbi.nlm.nih.gov/pubmed/29526401},
   year = {2018},
   type = {Journal Article}
}

@article{vannote1980,
   author = {Vannote, Robin L. and Minshall, G. Wayne and Cummins, Kenneth W. and Sedell, James R. and Cushing, Colbert E.},
   title = {The river continuum concept},
   journal = {Canadian Journal of Fisheries and Aquatic Sciences},
   volume = {37},
   number = {1},
   pages = {130-137},
   ISSN = {0706-652X},
   DOI = {10.1139/f80-017},
   url = {https://doi.org/10.1139/f80-017},
   year = {1980},
   type = {Journal Article}
}

@article{verberk2018,
   author = {Verberk, Wilco C. E. P. and Leuven, Rob S. E. W. and van der Velde, Gerard and Gabel, Friederike and Overgaard, Johannes},
   title = {Thermal limits in native and alien freshwater peracarid {C}rustacea: the role of habitat use and oxygen limitation},
   journal = {Functional Ecology},
   volume = {32},
   number = {4},
   pages = {926-936},
   ISSN = {02698463},
   DOI = {10.1111/1365-2435.13050},
   year = {2018},
   type = {Journal Article}
}

@article{wallace1997,
   author = {Wallace, J. B. and Eggert, S. L. and Meyer, J. L. and Webster, J. R.},
   title = {Multiple trophic levels of a forest stream linked to terrestrial litter inputs},
   journal = {Science},
   volume = {277},
   number = {5322},
   pages = {102-104},
    DOI = {10.1126/science.277.5322.102},
   url = {http://science.sciencemag.org/content/sci/277/5322/102.full.pdf},
   year = {1997},
   type = {Journal Article}
}

@article{walther2002,
   author = {Walther, Gian-Reto and Post, Eric and Convey, Peter and Menzel, Annette and Parmesan, Camille and Beebee, Trevor J. C. and Fromentin, Jean-Marc and Hoegh-Guldberg, Ove and Bairlein, Franz},
   title = {Ecological responses to recent climate change},
   journal = {Nature},
   volume = {416},
   pages = {389-395},
   DOI = {10.1038/416389a},
   url = {http://dx.doi.org/10.1038/416389a},
   year = {2002},
   type = {Journal Article}
}

@article{webster1986,
   author = {Webster, J. R. and Benfield, E. F.},
   title = {Vascular plant breakdown in freshwater ecosystems},
   journal = {Annual Review of Ecology and Systematics},
   volume = {17},
   number = {1},
   pages = {567-594},
   ISSN = {0066-4162},
   DOI = {10.1146/annurev.es.17.110186.003031},
   year = {1986},
   type = {Journal Article}
}

@article{wernberg2012,
   author = {Wernberg, Thomas and Smale, Dan A. and Thomsen, Mads S.},
   title = {A decade of climate change experiments on marine organisms: procedures, patterns and problems},
   journal = {Global Change Biology},
   volume = {18},
   number = {5},
   pages = {1491-1498},
   ISSN = {13541013},
   DOI = {10.1111/j.1365-2486.2012.02656.x},
   year = {2012},
   type = {Journal Article}
}

@article{westram2011,
   author = {Westram, A. M. and Baumgartner, C. and Keller, I. and Jokela, J.},
   title = {Are cryptic host species also cryptic to parasites? Host specificity and geographical distribution of acanthocephalan parasites infecting freshwater \emph{Gammarus}},
   journal = {Infection Genetics and Evolution},
   volume = {11},
   number = {5},
   pages = {1083-1090},
    ISSN = {1567-7257 (Electronic)
1567-1348 (Linking)},
   DOI = {10.1016/j.meegid.2011.03.024},
   url = {http://www.ncbi.nlm.nih.gov/pubmed/21470578},
   year = {2011},
   type = {Journal Article}
}

@article{wohlgemuth2017,
   author = {Wohlgemuth, D. and Solan, M. and Godbold, J. A.},
   title = {Species contributions to ecosystem process and function can be population dependent and modified by biotic and abiotic setting},
   journal = {Proceedings of the Royal Society B: Biological Sciences},
   volume = {284},
   number = {1855},
    ISSN = {1471-2954 (Electronic)
0962-8452 (Linking)},
   DOI = {10.1098/rspb.2016.2805},
   url = {https://www.ncbi.nlm.nih.gov/pubmed/28566482},
   year = {2017},
   type = {Journal Article}
}

@article{wood2007,
   author = {Wood, C. L. and Byers, J. E. and Cottingham, K. L. and Altman, I. and Donahue, M. J. and Blakeslee, A. M.},
   title = {Parasites alter community structure},
   journal = {Proceedings of the National Academy of Sciences of the United States of America},
   volume = {104},
   number = {22},
   pages = {9335-9359},
    ISSN = {0027-8424 (Print)
0027-8424 (Linking)},
   DOI = {10.1073/pnas.0700062104},
   url = {https://www.ncbi.nlm.nih.gov/pubmed/17517667},
   year = {2007},
   type = {Journal Article}
}

@article{wood2015,
   author = {Wood, C. L. and Johnson, P. T.},
   title = {A world without parasites: exploring the hidden ecology of infection},
   journal = {Frontiers in Ecology and the Environment},
   volume = {13},
   number = {8},
   pages = {425-434},
   ISSN = {1540-9295 (Print)
1540-9295 (Linking)},
   DOI = {10.1890/140368},
   url = {https://www.ncbi.nlm.nih.gov/pubmed/28077932},
   year = {2015},
   type = {Journal Article}
}

@article{wood2016,
   author = {Wood, Simon and Wood, Maintainer Simon},
   title = {Package ‘mgcv’},
   year = {2016},
   type = {Journal Article}
}

@article{woodward2010,
   author = {Woodward, G. and Perkins, D. M. and Brown, L. E.},
   title = {Climate change and freshwater ecosystems: impacts across multiple levels of organization},
   journal = {Philosophical Transactions of the Royal Society B: Biological Sciences},
   volume = {365},
   number = {1549},
   pages = {2093-2106},
   ISSN = {1471-2970 (Electronic)
0962-8436 (Linking)},
   DOI = {10.1098/rstb.2010.0055},
   url = {http://www.ncbi.nlm.nih.gov/pubmed/20513717},
   year = {2010},
   type = {Journal Article}
}

@misc{opw2018,
   author = {{Office of Public Works}},
   title = {{H}ydro-{D}ata {S}tation 25028 {S}hannonbridge},
   volume = {2018},
   number = {14/09/18},
   url = {http://waterlevel.ie/hydro-data/stations/26028/station.html?1536966254},
   year = {2018},
   type = {Web Page}
}

@article{yan1995,
   author = {Yan, Guiyun  and Stevens, Lori},
   title = {Selection by parasites on components of fitness in tribolium beetles: the effect of intraspecific competition},
   journal = {The American Naturalist},
   volume = {146},
   number = {5},
   pages = {795-813},
    DOI = {10.1086/285825},
   url = {https://www.journals.uchicago.edu/doi/abs/10.1086/285825},
   year = {1995},
   type = {Journal Article}
}

@article{zittel2018,
   author = {Zittel, Maike and Grabner, Daniel and Wlecklik, Andre and Sures, Bernd and Leese, Florian and Taraschewski, Horst and Weigand, Alexander Martin},
   title = {Cryptic species and their utilization of indigenous and non-indigenous intermediate hosts in the acanthocephalan \emph{Polymorphus minutus sensu lato} ({P}olymorphidae)},
   journal = {Parasitology},
   pages = {1-9},
   ISSN = {0031-1820},
   DOI = {10.1017/S0031182018000173},
   url = {https://www.cambridge.org/core/article/cryptic-species-and-their-utilization-of-indigenous-and-nonindigenous-intermediate-hosts-in-the-acanthocephalan-polymorphus-minutus-sensu-lato-polymorphidae/0287F59596E6F4CE3246B93A635942EB},
   year = {2018},
   type = {Journal Article}
}

